[
  {
      "Products": [
          {
              "TileID": 0,
              "Stockcode": 749588,
              "Barcode": "9339423005035",
              "GtinFormat": 13,
              "CupPrice": 0.63,
              "InstoreCupPrice": 0.63,
              "CupMeasure": "100G",
              "CupString": "$0.63 / 100G",
              "InstoreCupString": "$0.63 / 100G",
              "HasCupPrice": true,
              "InstoreHasCupPrice": true,
              "Price": 4.4,
              "InstorePrice": 4.4,
              "Name": "Tip Top The One Wholemeal Sandwich Slice Bread Loaf",
              "DisplayName": "Tip Top The One Wholemeal Sandwich Slice Bread Loaf 700g",
              "UrlFriendlyName": "tip-top-the-one-wholemeal-sandwich-slice-bread-loaf",
              "Description": " Tip Top The One Wholemeal<br>Sandwich Slice... 700g",
              "SmallImageFile": "https://cdn0.woolworths.media/content/wowproductimages/small/749588.jpg",
              "MediumImageFile": "https://cdn0.woolworths.media/content/wowproductimages/medium/749588.jpg",
              "LargeImageFile": "https://cdn0.woolworths.media/content/wowproductimages/large/749588.jpg",
              "IsNew": false,
              "IsHalfPrice": false,
              "IsOnlineOnly": false,
              "IsOnSpecial": false,
              "InstoreIsOnSpecial": false,
              "IsEdrSpecial": false,
              "SavingsAmount": 0,
              "InstoreSavingsAmount": 0,
              "WasPrice": 4.4,
              "InstoreWasPrice": 4.4,
              "QuantityInTrolley": 0,
              "Unit": "Each",
              "MinimumQuantity": 1,
              "HasBeenBoughtBefore": false,
              "IsInTrolley": false,
              "Source": "Aisle.Bakery",
              "SupplyLimit": 36,
              "ProductLimit": 36,
              "MaxSupplyLimitMessage": "36 item limit",
              "IsRanged": true,
              "IsInStock": true,
              "PackageSize": "700g",
              "IsPmDelivery": false,
              "IsForCollection": true,
              "IsForDelivery": true,
              "IsForExpress": true,
              "ProductRestrictionMessage": null,
              "ProductWarningMessage": null,
              "CentreTag": {
                  "TagContent": null,
                  "TagLink": null,
                  "FallbackText": null,
                  "TagType": "None",
                  "MultibuyData": null,
                  "MemberPriceData": null,
                  "TagContentText": null,
                  "DualImageTagContent": null,
                  "PromotionType": "NOT_SET",
                  "IsRegisteredRewardCardPromotion": false
              },
              "IsCentreTag": false,
              "ImageTag": {
                  "TagContent": null,
                  "TagLink": null,
                  "FallbackText": "",
                  "TagType": "None",
                  "MultibuyData": null,
                  "MemberPriceData": null,
                  "TagContentText": null,
                  "DualImageTagContent": null,
                  "PromotionType": "NOT_SET",
                  "IsRegisteredRewardCardPromotion": false
              },
              "HeaderTag": {
                  "BackgroundColor": "#c20016",
                  "BorderColor": "#c20016",
                  "TextColor": "#fff",
                  "Content": "LOW PRICE",
                  "TagLink": null,
                  "Promotion": "LowPrice"
              },
              "HasHeaderTag": true,
              "UnitWeightInGrams": 0,
              "SupplyLimitMessage": "'Tip Top The One Wholemeal Sandwich Slice Bread Loaf' has a supply limit of 36. The quantity in your cart has been reduced accordingly. To purchase a larger quantity, please contact us on 1800 000 610. Please note we do not supply trade orders.",
              "SmallFormatDescription": "Tip Top The One Wholemeal Sandwich Slice Bread Loaf",
              "FullDescription": "Tip Top The One Wholemeal Sandwich Slice Bread Loaf",
              "IsAvailable": true,
              "InstoreIsAvailable": false,
              "IsPurchasable": true,
              "InstoreIsPurchasable": false,
              "AgeRestricted": false,
              "DisplayQuantity": 1,
              "RichDescription": null,
              "HideWasSavedPrice": false,
              "SapCategories": null,
              "Brand": "Tip Top",
              "IsRestrictedByDeliveryMethod": false,
              "FooterTag": {
                  "TagContent": "Lower Price Always",
                  "TagLink": null,
                  "FallbackText": null,
                  "TagType": "Html",
                  "MultibuyData": null,
                  "MemberPriceData": null,
                  "TagContentText": null,
                  "DualImageTagContent": null,
                  "PromotionType": "NOT_SET",
                  "IsRegisteredRewardCardPromotion": false
              },
              "IsFooterEnabled": true,
              "Diagnostics": "72",
              "IsBundle": false,
              "IsInFamily": false,
              "ChildProducts": null,
              "UrlOverride": null,
              "AdditionalAttributes": {
                  "boxedcontents": null,
                  "addedvitaminsandminerals": "False",
                  "sapdepartmentname": "PROPRIETARY BAKERY",
                  "spf": null,
                  "haircolour": null,
                  "lifestyleanddietarystatement": "High Fibre",
                  "sapcategoryname": "PROPRIETARY BAKERY",
                  "skintype": null,
                  "importantinformation": null,
                  "allergystatement": "No Artificial Preservatives",
                  "productdepthmm": null,
                  "skincondition": null,
                  "ophthalmologistapproved": null,
                  "healthstarrating": "4.5",
                  "hairtype": null,
                  "fragrance-free": null,
                  "sapsegmentname": "MULTIGRAIN/WHOLEMEAL LOAF",
                  "suitablefor": "Vegans and Vegetarians",
                  "PiesProductDepartmentsjson": "[{\"Id\":\"1_DEB537E\",\"Description\":\"Bakery\"},{\"Id\":\"1_9E92C35\",\"Description\":\"Lunch Box\"}]",
                  "piessubcategorynamesjson": "[\"Packaged Bread\",\"Bread & Wraps\"]",
                  "sapsegmentno": "4",
                  "productwidthmm": null,
                  "contains": null,
                  "sapsubcategoryname": "RESALE BREAD",
                  "dermatologisttested": null,
                  "wool_productpackaging": null,
                  "dermatologicallyapproved": null,
                  "specialsgroupid": null,
                  "productimages": "749588.jpg,749588_2.jpg,749588_3.jpg,749588_4.jpg,749588_6.jpg",
                  "productheightmm": null,
                  "r&r_hidereviews": null,
                  "microwavesafe": "False",
                  "paba-free": null,
                  "lifestyleclaim": null,
                  "alcoholfree": null,
                  "tgawarning": null,
                  "activeconstituents": null,
                  "microwaveable": "False",
                  "soap-free": null,
                  "countryoforigin": null,
                  "isexcludedfromsubstitution": "False",
                  "productimagecount": "5",
                  "r&r_loggedinreviews": null,
                  "anti-dandruff": null,
                  "servingsize-total-nip": null,
                  "tgahealthwarninglink": null,
                  "allergenmaybepresent": "Gluten",
                  "PiesProductDepartmentNodeId": "1_DEB537E",
                  "parabenfree": "False",
                  "vendorarticleid": null,
                  "containsgluten": "False",
                  "containsnuts": "False",
                  "ingredients": "Wholemeal Wheat Flour (44%), Water, Unbleached Wheat Flour, Baker's Yeast, Wheat Gluten, Wheat Fibre, Vinegar, Canola Oil, Iodised Salt, Soy Flour, Vegetable Gum (412), Vegetable Emulsifiers (472e, 481 471), Minerals (Iron, Zinc), Vitamins (Vitamin E, Niacin, Vitamin B6, Thiamin, Folic Acid).",
                  "colour": null,
                  "manufacturer": null,
                  "sapcategoryno": "60",
                  "storageinstructions": "Store in a cool, dry place away from direct sunlight.",
                  "tgawarnings": null,
                  "piesdepartmentnamesjson": "[\"Bakery\",\"Lunch Box\"]",
                  "brand": "tip top",
                  "oilfree": null,
                  "fragrance": null,
                  "antibacterial": "False",
                  "non-comedogenic": null,
                  "antiseptic": "False",
                  "bpafree": "False",
                  "vendorcostprice": null,
                  "description": "<p>Tip Top The One Soft Wholemeal Bread 700g<br/><br/>This super soft and tasty loaf of Tip Top® The One® is high in fibre and has the added benefits of essential Vitamins and Minerals. It’s the only one you need.<br/><br/>Tip Top® is all about home-grown goodness. That's why we bake every day with Aussie wheat. We partner with Foodbank to share goodness with the community. And we use more sustainable packaging wherever we can so Australia stays beautiful for generations to come.</p>",
                  "sweatresistant": null,
                  "sapsubcategoryno": "950",
                  "antioxidant": "False",
                  "claims": null,
                  "phbalanced": null,
                  "wool_dietaryclaim": null,
                  "ophthalmologisttested": null,
                  "sulfatefree": "False",
                  "servingsperpack-total-nip": null,
                  "piescategorynamesjson": "[\"Packaged Bread & Bakery\",\"Lunch\"]",
                  "nutritionalinformation": "{\"Name\":\"Nutritional Information\",\"Attributes\":[{\"Id\":702,\"Name\":\"Calcium Quantity Per 100g - Total - NIP\",\"Value\":\"78mg\",\"Description\":\"Calcium Quantity Per 100g - Total - NIP\",\"SortOrder\":71},{\"Id\":47,\"Name\":\"Calcium Quantity Per Serve - Total - NIP\",\"Value\":\"57.72mg\",\"Description\":\"Calcium Quantity Per Serve - Total - NIP\",\"SortOrder\":75},{\"Id\":705,\"Name\":\"Carbohydrate Quantity Per 100g - Total - NIP\",\"Value\":\"37.00g\",\"Description\":\"Carbohydrate Quantity Per 100g - Total - NIP\",\"SortOrder\":83},{\"Id\":706,\"Name\":\"Carbohydrate Quantity Per Serve - Total - NIP\",\"Value\":\"27.40g\",\"Description\":\"Carbohydrate Quantity Per Serve - Total - NIP\",\"SortOrder\":87},{\"Id\":191,\"Name\":\"Dietary Fibre Quantity Per 100g - Total - NIP\",\"Value\":\"8.50g\",\"Description\":\"Dietary Fibre Quantity Per 100g - Total - NIP\",\"SortOrder\":175},{\"Id\":120,\"Name\":\"Dietary Fibre Quantity Per Serve - Total - NIP\",\"Value\":\"6.30g\",\"Description\":\"Dietary Fibre Quantity Per Serve - Total - NIP\",\"SortOrder\":179},{\"Id\":759,\"Name\":\"Energy kJ Quantity Per 100g - Total - NIP\",\"Value\":\"977.00kJ\",\"Description\":\"Energy kJ Quantity Per 100g - Total - NIP\",\"SortOrder\":239},{\"Id\":760,\"Name\":\"Energy kJ Quantity Per Serve - Total - NIP\",\"Value\":\"723.00kJ\",\"Description\":\"Energy kJ Quantity Per Serve - Total - NIP\",\"SortOrder\":243},{\"Id\":253,\"Name\":\"Fat Saturated Quantity Per 100g - Total - NIP\",\"Value\":\"0.50g\",\"Description\":\"Fat Saturated Quantity Per 100g - Total - NIP\",\"SortOrder\":251},{\"Id\":258,\"Name\":\"Fat Saturated Quantity Per Serve - Total - NIP\",\"Value\":\"0.40g\",\"Description\":\"Fat Saturated Quantity Per Serve - Total - NIP\",\"SortOrder\":255},{\"Id\":764,\"Name\":\"Fat Total Quantity Per 100g - Total - NIP\",\"Value\":\"3.10g\",\"Description\":\"Fat Total Quantity Per 100g - Total - NIP\",\"SortOrder\":263},{\"Id\":166,\"Name\":\"Fat Total Quantity Per 100g - ValueWord - NIP\",\"Value\":\"3.10\",\"Description\":\"Fat Total Quantity Per 100g - ValueWord - NIP\",\"SortOrder\":264},{\"Id\":264,\"Name\":\"Fat Total Quantity Per Serve - Total - NIP\",\"Value\":\"2.30g\",\"Description\":\"Fat Total Quantity Per Serve - Total - NIP\",\"SortOrder\":267},{\"Id\":402,\"Name\":\"Monounsaturated Quantity Per 100g - Total - NIP\",\"Value\":null,\"Description\":\"Monounsaturated Quantity Per 100g - Total - NIP\",\"SortOrder\":479},{\"Id\":834,\"Name\":\"Monounsaturated Quantity Per Serve - Total - NIP\",\"Value\":null,\"Description\":\"Monounsaturated Quantity Per Serve - Total - NIP\",\"SortOrder\":483},{\"Id\":434,\"Name\":\"Polyunsaturated Quantity Per 100g - Total - NIP\",\"Value\":null,\"Description\":\"Polyunsaturated Quantity Per 100g - Total - NIP\",\"SortOrder\":563},{\"Id\":435,\"Name\":\"Polyunsaturated Quantity Per Serve - Total - NIP\",\"Value\":null,\"Description\":\"Polyunsaturated Quantity Per Serve - Total - NIP\",\"SortOrder\":567},{\"Id\":443,\"Name\":\"Potassium Quantity Per 100g - Total - NIP\",\"Value\":\"197mg\",\"Description\":\"Potassium Quantity Per 100g - Total - NIP\",\"SortOrder\":575},{\"Id\":493,\"Name\":\"Potassium Quantity Per Serve - Total - NIP\",\"Value\":\"145.78mg\",\"Description\":\"Potassium Quantity Per Serve - Total - NIP\",\"SortOrder\":579},{\"Id\":878,\"Name\":\"Protein Quantity Per 100g - Total - NIP\",\"Value\":\"9.70g\",\"Description\":\"Protein Quantity Per 100g - Total - NIP\",\"SortOrder\":587},{\"Id\":882,\"Name\":\"Protein Quantity Per Serve - Total - NIP\",\"Value\":\"7.20g\",\"Description\":\"Protein Quantity Per Serve - Total - NIP\",\"SortOrder\":591},{\"Id\":477,\"Name\":\"Serving Size - Total - NIP\",\"Value\":\"74.00g\",\"Description\":\"Serving Size - Total - NIP\",\"SortOrder\":607},{\"Id\":544,\"Name\":\"Servings Per Pack - Total - NIP\",\"Value\":\"9.50\",\"Description\":\"Servings Per Pack - Total - NIP\",\"SortOrder\":611},{\"Id\":491,\"Name\":\"Sodium Quantity Per 100g - Total - NIP\",\"Value\":\"380.00mg\",\"Description\":\"Sodium Quantity Per 100g - Total - NIP\",\"SortOrder\":623},{\"Id\":495,\"Name\":\"Sodium Quantity Per Serve - Total - NIP\",\"Value\":\"281.00mg\",\"Description\":\"Sodium Quantity Per Serve - Total - NIP\",\"SortOrder\":627},{\"Id\":907,\"Name\":\"Sugars Quantity Per 100g - Prefix - NIP\",\"Value\":null,\"Description\":\"Sugars Quantity Per 100g - Prefix - NIP\",\"SortOrder\":645},{\"Id\":908,\"Name\":\"Sugars Quantity Per 100g - SuffixUnits - NIP\",\"Value\":\"g\",\"Description\":\"Sugars Quantity Per 100g - SuffixUnits - NIP\",\"SortOrder\":646},{\"Id\":909,\"Name\":\"Sugars Quantity Per 100g - Total - NIP\",\"Value\":\"3.10g\",\"Description\":\"Sugars Quantity Per 100g - Total - NIP\",\"SortOrder\":647},{\"Id\":910,\"Name\":\"Sugars Quantity Per 100g - ValueWord - NIP\",\"Value\":\"3.10\",\"Description\":\"Sugars Quantity Per 100g - ValueWord - NIP\",\"SortOrder\":648},{\"Id\":504,\"Name\":\"Sugars Quantity Per Serve - Prefix - NIP\",\"Value\":null,\"Description\":\"Sugars Quantity Per Serve - Prefix - NIP\",\"SortOrder\":649},{\"Id\":911,\"Name\":\"Sugars Quantity Per Serve - SuffixUnits - NIP\",\"Value\":\"g\",\"Description\":\"Sugars Quantity Per Serve - SuffixUnits - NIP\",\"SortOrder\":650},{\"Id\":912,\"Name\":\"Sugars Quantity Per Serve - Total - NIP\",\"Value\":\"2.30g\",\"Description\":\"Sugars Quantity Per Serve - Total - NIP\",\"SortOrder\":651},{\"Id\":572,\"Name\":\"Sugars Quantity Per Serve - ValueWord - NIP\",\"Value\":\"2.30\",\"Description\":\"Sugars Quantity Per Serve - ValueWord - NIP\",\"SortOrder\":652},{\"Id\":593,\"Name\":\"Trans Quantity Per 100g - Total - NIP\",\"Value\":null,\"Description\":\"Trans Quantity Per 100g - Total - NIP\",\"SortOrder\":667},{\"Id\":510,\"Name\":\"Trans Quantity Per Serve - Total - NIP\",\"Value\":null,\"Description\":\"Trans Quantity Per Serve - Total - NIP\",\"SortOrder\":671}]}",
                  "ovencook": "False",
                  "vegetarian": "False",
                  "hypo-allergenic": null,
                  "timer": null,
                  "dermatologistrecommended": null,
                  "sapdepartmentno": "47",
                  "allergencontains": "Gluten, Soy, Wheat",
                  "waterresistant": null,
                  "friendlydisclaimer": null,
                  "recyclableinformation": null,
                  "usageinstructions": null,
                  "freezable": "False"
              },
              "DetailsImagePaths": [
                  "https://cdn0.woolworths.media/content/wowproductimages/large/749588.jpg"
              ],
              "Variety": "Slice Bread Loaf",
              "Rating": {
                  "ReviewCount": 0,
                  "RatingCount": 0,
                  "RatingSum": 0,
                  "OneStarCount": 0,
                  "TwoStarCount": 0,
                  "ThreeStarCount": 0,
                  "FourStarCount": 0,
                  "FiveStarCount": 0,
                  "Average": 0,
                  "OneStarPercentage": 0,
                  "TwoStarPercentage": 0,
                  "ThreeStarPercentage": 0,
                  "FourStarPercentage": 0,
                  "FiveStarPercentage": 0
              },
              "HasProductSubs": false,
              "IsSponsoredAd": true,
              "AdID": "display_qIISXqCEyMGbIg0ZZM91KyK8hbEKCAoGNzQ5NTg4EgAaDAiF7--uBhDv8p6OASICCAE=",
              "AdIndex": 0,
              "IsMarketProduct": false,
              "IsGiftable": false,
              "Vendor": null,
              "Untraceable": false,
              "ThirdPartyProductInfo": null,
              "MarketFeatures": null,
              "MarketSpecifications": null,
              "SupplyLimitSource": "ProductLimit",
              "Tags": [
                  {
                      "Content": {
                          "Type": "Label",
                          "Position": "Top",
                          "Attributes": {
                              "Text": "LOW PRICE",
                              "Promotion": "LowPrice",
                              "BackgroundColor": "#c20016",
                              "BorderColor": "#c20016",
                              "TextColor": "#fff"
                          }
                      },
                      "TemplateId": null,
                      "Metadata": null
                  }
              ],
              "IsPersonalisedByPurchaseHistory": false,
              "IsFromFacetedSearch": false,
              "NextAvailabilityDate": "2024-02-22T00:00:00.0000000Z",
              "NumberOfSubstitutes": 0,
              "IsPrimaryVariant": false,
              "VariantGroupId": 0,
              "HasVariants": false,
              "VariantTitle": null,
              "IsTobacco": false
          }
      ],
      "Name": "Tip Top The One Wholemeal Sandwich Slice Bread Loaf",
      "DisplayName": "Tip Top The One Wholemeal Sandwich Slice Bread Loaf 700g"
  },
  {
      "Products": [
          {
              "TileID": 0,
              "Stockcode": 603316,
              "Barcode": "9339423007282",
              "GtinFormat": 13,
              "CupPrice": 1.46,
              "InstoreCupPrice": 1.63,
              "CupMeasure": "100G",
              "CupString": "$1.46 / 100G",
              "InstoreCupString": "$1.63 / 100G",
              "HasCupPrice": true,
              "InstoreHasCupPrice": true,
              "Price": 3.5,
              "InstorePrice": 3.5,
              "Name": "Tip Top Sandwich Thins Original Bread Bread Low Calories & Carbs",
              "DisplayName": "Tip Top Sandwich Thins Original Bread 6 Pack",
              "UrlFriendlyName": "tip-top-sandwich-thins-original-bread-bread-low-calories-carbs",
              "Description": " Tip Top Sandwich Thins<br>Original Bread... 6 Pack",
              "SmallImageFile": "https://cdn0.woolworths.media/content/wowproductimages/small/603316.jpg",
              "MediumImageFile": "https://cdn0.woolworths.media/content/wowproductimages/medium/603316.jpg",
              "LargeImageFile": "https://cdn0.woolworths.media/content/wowproductimages/large/603316.jpg",
              "IsNew": false,
              "IsHalfPrice": false,
              "IsOnlineOnly": false,
              "IsOnSpecial": true,
              "InstoreIsOnSpecial": false,
              "IsEdrSpecial": false,
              "SavingsAmount": 0.4,
              "InstoreSavingsAmount": 0.4,
              "WasPrice": 3.9,
              "InstoreWasPrice": 3.9,
              "QuantityInTrolley": 0,
              "Unit": "Each",
              "MinimumQuantity": 1,
              "HasBeenBoughtBefore": false,
              "IsInTrolley": false,
              "Source": "Aisle.Bakery",
              "SupplyLimit": 36,
              "ProductLimit": 36,
              "MaxSupplyLimitMessage": "36 item limit",
              "IsRanged": true,
              "IsInStock": true,
              "PackageSize": "6 Pack",
              "IsPmDelivery": false,
              "IsForCollection": true,
              "IsForDelivery": true,
              "IsForExpress": true,
              "ProductRestrictionMessage": null,
              "ProductWarningMessage": null,
              "CentreTag": {
                  "TagContent": null,
                  "TagLink": null,
                  "FallbackText": null,
                  "TagType": "None",
                  "MultibuyData": null,
                  "MemberPriceData": null,
                  "TagContentText": null,
                  "DualImageTagContent": null,
                  "PromotionType": "NOT_SET",
                  "IsRegisteredRewardCardPromotion": false
              },
              "IsCentreTag": false,
              "ImageTag": {
                  "TagContent": "/content/promotiontags/roundel-special-200x200.png",
                  "TagLink": "",
                  "FallbackText": "On Special",
                  "TagType": "None",
                  "MultibuyData": null,
                  "MemberPriceData": null,
                  "TagContentText": null,
                  "DualImageTagContent": null,
                  "PromotionType": "NOT_SET",
                  "IsRegisteredRewardCardPromotion": false
              },
              "HeaderTag": {
                  "BackgroundColor": "#fd0",
                  "BorderColor": "#fd0",
                  "TextColor": "#000",
                  "Content": "Save $0.40",
                  "TagLink": null,
                  "Promotion": "Special"
              },
              "HasHeaderTag": true,
              "UnitWeightInGrams": 0,
              "SupplyLimitMessage": "'Tip Top Sandwich Thins Original Bread Bread Low Calories & Carbs' has a supply limit of 36. The quantity in your cart has been reduced accordingly. To purchase a larger quantity, please contact us on 1800 000 610. Please note we do not supply trade orders.",
              "SmallFormatDescription": "Tip Top Sandwich Thins Original Bread Bread Low Calories & Carbs",
              "FullDescription": "Tip Top Sandwich Thins Original Bread Bread Low Calories & Carbs",
              "IsAvailable": true,
              "InstoreIsAvailable": false,
              "IsPurchasable": true,
              "InstoreIsPurchasable": false,
              "AgeRestricted": false,
              "DisplayQuantity": 1,
              "RichDescription": null,
              "HideWasSavedPrice": false,
              "SapCategories": null,
              "Brand": "Tip Top",
              "IsRestrictedByDeliveryMethod": false,
              "FooterTag": {
                  "TagContent": null,
                  "TagLink": null,
                  "FallbackText": null,
                  "TagType": "None",
                  "MultibuyData": null,
                  "MemberPriceData": null,
                  "TagContentText": null,
                  "DualImageTagContent": null,
                  "PromotionType": "NOT_SET",
                  "IsRegisteredRewardCardPromotion": false
              },
              "IsFooterEnabled": false,
              "Diagnostics": "73",
              "IsBundle": false,
              "IsInFamily": false,
              "ChildProducts": null,
              "UrlOverride": null,
              "AdditionalAttributes": {
                  "boxedcontents": null,
                  "addedvitaminsandminerals": "False",
                  "sapdepartmentname": "PROPRIETARY BAKERY",
                  "spf": null,
                  "haircolour": null,
                  "lifestyleanddietarystatement": "Source of Fibre",
                  "sapcategoryname": "PROPRIETARY BAKERY",
                  "skintype": null,
                  "importantinformation": null,
                  "allergystatement": "Fish Free",
                  "productdepthmm": null,
                  "skincondition": null,
                  "ophthalmologistapproved": null,
                  "healthstarrating": "4",
                  "hairtype": null,
                  "fragrance-free": null,
                  "sapsegmentname": "WRAPS",
                  "suitablefor": null,
                  "PiesProductDepartmentsjson": "[{\"Id\":\"1_DEB537E\",\"Description\":\"Bakery\"},{\"Id\":\"1_9E92C35\",\"Description\":\"Lunch Box\"}]",
                  "piessubcategorynamesjson": "[\"Wraps & Flatbread\",\"Bread & Wraps\"]",
                  "sapsegmentno": "1",
                  "productwidthmm": null,
                  "contains": null,
                  "sapsubcategoryname": "RESALE INTERNATIONAL BREAD",
                  "dermatologisttested": null,
                  "wool_productpackaging": null,
                  "dermatologicallyapproved": null,
                  "specialsgroupid": null,
                  "productimages": "603316.jpg,603316_2.jpg,603316_3.jpg",
                  "productheightmm": null,
                  "r&r_hidereviews": null,
                  "microwavesafe": "False",
                  "paba-free": null,
                  "lifestyleclaim": null,
                  "alcoholfree": null,
                  "tgawarning": null,
                  "activeconstituents": null,
                  "microwaveable": "False",
                  "soap-free": null,
                  "countryoforigin": null,
                  "isexcludedfromsubstitution": "False",
                  "productimagecount": "3",
                  "r&r_loggedinreviews": null,
                  "anti-dandruff": null,
                  "servingsize-total-nip": null,
                  "tgahealthwarninglink": null,
                  "allergenmaybepresent": "Sesame",
                  "PiesProductDepartmentNodeId": "1_DEB537E",
                  "parabenfree": "False",
                  "vendorarticleid": null,
                  "containsgluten": "False",
                  "containsnuts": "False",
                  "ingredients": "Wheat Flour, Wholegrain Wholemeal Wheat Flour (32%), Water, Baker's Yeast, Vinegar, Wheat Gluten, Canola Oil, Dextrose, Iodised Salt, Sugar, Soy Flour, Fermented Wheat Flour, Vegetable Emulsifiers (481, 471, 472e), Vegetable Gums (466, 415), Vitamins (Thiamin, Folic Acid), Processing Aid (Wheat).",
                  "colour": null,
                  "manufacturer": null,
                  "sapcategoryno": "60",
                  "storageinstructions": "Store in a cool, dry place away from direct sunlight. See Best Before date on pack. Freezing not recommended.",
                  "tgawarnings": null,
                  "piesdepartmentnamesjson": "[\"Bakery\",\"Lunch Box\"]",
                  "brand": "tip top",
                  "oilfree": null,
                  "fragrance": null,
                  "antibacterial": "False",
                  "non-comedogenic": null,
                  "antiseptic": "False",
                  "bpafree": "False",
                  "vendorcostprice": null,
                  "description": "Top it, Toast it, Fill it or Grill it!<br><br>Try Tip Top Thins with eggs for breakfast, a quick snack with banana and ricotta or as a mini pizza base. They're so delicious… in so many ways!<br><br>SOURCE OF FIBRE<br><br>25% OF YOUR WHOLE GRAIN DAILY INTAKE<br><br>4 Star Health Rating<br><br>No Artificial Colours, Flavours or Preservatives<br><br>FODMAP Friendly<br><br>105 Calories per serving",
                  "sweatresistant": null,
                  "sapsubcategoryno": "810",
                  "antioxidant": "False",
                  "claims": null,
                  "phbalanced": null,
                  "wool_dietaryclaim": null,
                  "ophthalmologisttested": null,
                  "sulfatefree": "False",
                  "servingsperpack-total-nip": null,
                  "piescategorynamesjson": "[\"Packaged Bread & Bakery\",\"Lunch\"]",
                  "nutritionalinformation": "{\"Name\":\"Nutritional Information\",\"Attributes\":[{\"Id\":702,\"Name\":\"Calcium Quantity Per 100g - Total - NIP\",\"Value\":\"57mg\",\"Description\":\"Calcium Quantity Per 100g - Total - NIP\",\"SortOrder\":71},{\"Id\":705,\"Name\":\"Carbohydrate Quantity Per 100g - Total - NIP\",\"Value\":\"44.60g\",\"Description\":\"Carbohydrate Quantity Per 100g - Total - NIP\",\"SortOrder\":83},{\"Id\":706,\"Name\":\"Carbohydrate Quantity Per Serve - Total - NIP\",\"Value\":\"17.80g\",\"Description\":\"Carbohydrate Quantity Per Serve - Total - NIP\",\"SortOrder\":87},{\"Id\":191,\"Name\":\"Dietary Fibre Quantity Per 100g - Total - NIP\",\"Value\":\"6.00g\",\"Description\":\"Dietary Fibre Quantity Per 100g - Total - NIP\",\"SortOrder\":175},{\"Id\":120,\"Name\":\"Dietary Fibre Quantity Per Serve - Total - NIP\",\"Value\":\"2.40g\",\"Description\":\"Dietary Fibre Quantity Per Serve - Total - NIP\",\"SortOrder\":179},{\"Id\":759,\"Name\":\"Energy kJ Quantity Per 100g - Total - NIP\",\"Value\":\"1100.00kJ\",\"Description\":\"Energy kJ Quantity Per 100g - Total - NIP\",\"SortOrder\":239},{\"Id\":760,\"Name\":\"Energy kJ Quantity Per Serve - Total - NIP\",\"Value\":\"440.00kJ\",\"Description\":\"Energy kJ Quantity Per Serve - Total - NIP\",\"SortOrder\":243},{\"Id\":253,\"Name\":\"Fat Saturated Quantity Per 100g - Total - NIP\",\"Value\":\"0.50g\",\"Description\":\"Fat Saturated Quantity Per 100g - Total - NIP\",\"SortOrder\":251},{\"Id\":258,\"Name\":\"Fat Saturated Quantity Per Serve - Total - NIP\",\"Value\":\"0.20g\",\"Description\":\"Fat Saturated Quantity Per Serve - Total - NIP\",\"SortOrder\":255},{\"Id\":764,\"Name\":\"Fat Total Quantity Per 100g - Total - NIP\",\"Value\":\"3.10g\",\"Description\":\"Fat Total Quantity Per 100g - Total - NIP\",\"SortOrder\":263},{\"Id\":166,\"Name\":\"Fat Total Quantity Per 100g - ValueWord - NIP\",\"Value\":\"3.10\",\"Description\":\"Fat Total Quantity Per 100g - ValueWord - NIP\",\"SortOrder\":264},{\"Id\":264,\"Name\":\"Fat Total Quantity Per Serve - Total - NIP\",\"Value\":\"1.20g\",\"Description\":\"Fat Total Quantity Per Serve - Total - NIP\",\"SortOrder\":267},{\"Id\":402,\"Name\":\"Monounsaturated Quantity Per 100g - Total - NIP\",\"Value\":\"0.63g\",\"Description\":\"Monounsaturated Quantity Per 100g - Total - NIP\",\"SortOrder\":479},{\"Id\":434,\"Name\":\"Polyunsaturated Quantity Per 100g - Total - NIP\",\"Value\":\"0.66g\",\"Description\":\"Polyunsaturated Quantity Per 100g - Total - NIP\",\"SortOrder\":563},{\"Id\":443,\"Name\":\"Potassium Quantity Per 100g - Total - NIP\",\"Value\":\"120mg\",\"Description\":\"Potassium Quantity Per 100g - Total - NIP\",\"SortOrder\":575},{\"Id\":878,\"Name\":\"Protein Quantity Per 100g - Total - NIP\",\"Value\":\"9.50g\",\"Description\":\"Protein Quantity Per 100g - Total - NIP\",\"SortOrder\":587},{\"Id\":882,\"Name\":\"Protein Quantity Per Serve - Total - NIP\",\"Value\":\"3.80g\",\"Description\":\"Protein Quantity Per Serve - Total - NIP\",\"SortOrder\":591},{\"Id\":477,\"Name\":\"Serving Size - Total - NIP\",\"Value\":\"40.00g\",\"Description\":\"Serving Size - Total - NIP\",\"SortOrder\":607},{\"Id\":544,\"Name\":\"Servings Per Pack - Total - NIP\",\"Value\":\"6.00\",\"Description\":\"Servings Per Pack - Total - NIP\",\"SortOrder\":611},{\"Id\":491,\"Name\":\"Sodium Quantity Per 100g - Total - NIP\",\"Value\":\"360.00mg\",\"Description\":\"Sodium Quantity Per 100g - Total - NIP\",\"SortOrder\":623},{\"Id\":495,\"Name\":\"Sodium Quantity Per Serve - Total - NIP\",\"Value\":\"144.00mg\",\"Description\":\"Sodium Quantity Per Serve - Total - NIP\",\"SortOrder\":627},{\"Id\":907,\"Name\":\"Sugars Quantity Per 100g - Prefix - NIP\",\"Value\":null,\"Description\":\"Sugars Quantity Per 100g - Prefix - NIP\",\"SortOrder\":645},{\"Id\":908,\"Name\":\"Sugars Quantity Per 100g - SuffixUnits - NIP\",\"Value\":\"g\",\"Description\":\"Sugars Quantity Per 100g - SuffixUnits - NIP\",\"SortOrder\":646},{\"Id\":909,\"Name\":\"Sugars Quantity Per 100g - Total - NIP\",\"Value\":\"3.90g\",\"Description\":\"Sugars Quantity Per 100g - Total - NIP\",\"SortOrder\":647},{\"Id\":910,\"Name\":\"Sugars Quantity Per 100g - ValueWord - NIP\",\"Value\":\"3.90\",\"Description\":\"Sugars Quantity Per 100g - ValueWord - NIP\",\"SortOrder\":648},{\"Id\":504,\"Name\":\"Sugars Quantity Per Serve - Prefix - NIP\",\"Value\":null,\"Description\":\"Sugars Quantity Per Serve - Prefix - NIP\",\"SortOrder\":649},{\"Id\":911,\"Name\":\"Sugars Quantity Per Serve - SuffixUnits - NIP\",\"Value\":\"g\",\"Description\":\"Sugars Quantity Per Serve - SuffixUnits - NIP\",\"SortOrder\":650},{\"Id\":912,\"Name\":\"Sugars Quantity Per Serve - Total - NIP\",\"Value\":\"1.60g\",\"Description\":\"Sugars Quantity Per Serve - Total - NIP\",\"SortOrder\":651},{\"Id\":572,\"Name\":\"Sugars Quantity Per Serve - ValueWord - NIP\",\"Value\":\"1.60\",\"Description\":\"Sugars Quantity Per Serve - ValueWord - NIP\",\"SortOrder\":652},{\"Id\":593,\"Name\":\"Trans Quantity Per 100g - Total - NIP\",\"Value\":\"17.3mg\",\"Description\":\"Trans Quantity Per 100g - Total - NIP\",\"SortOrder\":667}]}",
                  "ovencook": "False",
                  "vegetarian": "False",
                  "hypo-allergenic": null,
                  "timer": null,
                  "dermatologistrecommended": null,
                  "sapdepartmentno": "47",
                  "allergencontains": "Wheat, Soy, Gluten",
                  "waterresistant": null,
                  "friendlydisclaimer": null,
                  "recyclableinformation": null,
                  "usageinstructions": null,
                  "freezable": "False"
              },
              "DetailsImagePaths": [
                  "https://cdn0.woolworths.media/content/wowproductimages/large/603316.jpg"
              ],
              "Variety": "Bread Low Calories & Carbs",
              "Rating": {
                  "ReviewCount": 0,
                  "RatingCount": 0,
                  "RatingSum": 0,
                  "OneStarCount": 0,
                  "TwoStarCount": 0,
                  "ThreeStarCount": 0,
                  "FourStarCount": 0,
                  "FiveStarCount": 0,
                  "Average": 0,
                  "OneStarPercentage": 0,
                  "TwoStarPercentage": 0,
                  "ThreeStarPercentage": 0,
                  "FourStarPercentage": 0,
                  "FiveStarPercentage": 0
              },
              "HasProductSubs": false,
              "IsSponsoredAd": true,
              "AdID": "display_aCIzjGGs51lYJKaYqy3pM3RlmvgKCAoGNjAzMzE2EgAaDAiF7--uBhDQ_qCOASICCAE=",
              "AdIndex": 1,
              "IsMarketProduct": false,
              "IsGiftable": false,
              "Vendor": null,
              "Untraceable": false,
              "ThirdPartyProductInfo": null,
              "MarketFeatures": null,
              "MarketSpecifications": null,
              "SupplyLimitSource": "ProductLimit",
              "Tags": [
                  {
                      "Content": {
                          "Type": "Label",
                          "Position": "Top",
                          "Attributes": {
                              "Text": "Save $0.40",
                              "Promotion": "Special",
                              "BackgroundColor": "#fd0",
                              "BorderColor": "#fd0",
                              "TextColor": "#000"
                          }
                      },
                      "TemplateId": null,
                      "Metadata": null
                  },
                  {
                      "Content": {
                          "Type": "Roundel",
                          "Position": "Top",
                          "Attributes": {
                              "ImagePath": "/content/promotiontags/roundel-special-200x200.png",
                              "FallbackText": "On Special"
                          }
                      },
                      "TemplateId": null,
                      "Metadata": null
                  }
              ],
              "IsPersonalisedByPurchaseHistory": false,
              "IsFromFacetedSearch": false,
              "NextAvailabilityDate": "2024-02-22T00:00:00.0000000Z",
              "NumberOfSubstitutes": 0,
              "IsPrimaryVariant": false,
              "VariantGroupId": 0,
              "HasVariants": false,
              "VariantTitle": null,
              "IsTobacco": false
          }
      ],
      "Name": "Tip Top Sandwich Thins Original Bread Bread Low Calories & Carbs",
      "DisplayName": "Tip Top Sandwich Thins Original Bread 6 Pack"
  },
  {
      "Products": [
          {
              "TileID": 0,
              "Stockcode": 165306,
              "Barcode": "9339423009071",
              "GtinFormat": 13,
              "CupPrice": 1.27,
              "InstoreCupPrice": 1.27,
              "CupMeasure": "100G",
              "CupString": "$1.27 / 100G",
              "InstoreCupString": "$1.27 / 100G",
              "HasCupPrice": true,
              "InstoreHasCupPrice": true,
              "Price": 7,
              "InstorePrice": 7,
              "Name": "Tip Top The One Gluten Free White Sandwich Slice Bread Loaf",
              "DisplayName": "Tip Top The One Gluten Free White Sandwich Slice Bread Loaf 550g",
              "UrlFriendlyName": "tip-top-the-one-gluten-free-white-sandwich-slice-bread-loaf",
              "Description": " Tip Top The One Gluten Free<br>White Sandwich... 550g",
              "SmallImageFile": "https://cdn0.woolworths.media/content/wowproductimages/small/165306.jpg",
              "MediumImageFile": "https://cdn0.woolworths.media/content/wowproductimages/medium/165306.jpg",
              "LargeImageFile": "https://cdn0.woolworths.media/content/wowproductimages/large/165306.jpg",
              "IsNew": false,
              "IsHalfPrice": false,
              "IsOnlineOnly": false,
              "IsOnSpecial": false,
              "InstoreIsOnSpecial": false,
              "IsEdrSpecial": false,
              "SavingsAmount": 0,
              "InstoreSavingsAmount": 0,
              "WasPrice": 7,
              "InstoreWasPrice": 7,
              "QuantityInTrolley": 0,
              "Unit": "Each",
              "MinimumQuantity": 1,
              "HasBeenBoughtBefore": false,
              "IsInTrolley": false,
              "Source": "Aisle.Bakery",
              "SupplyLimit": 36,
              "ProductLimit": 36,
              "MaxSupplyLimitMessage": "36 item limit",
              "IsRanged": true,
              "IsInStock": true,
              "PackageSize": "550g",
              "IsPmDelivery": false,
              "IsForCollection": true,
              "IsForDelivery": true,
              "IsForExpress": true,
              "ProductRestrictionMessage": null,
              "ProductWarningMessage": null,
              "CentreTag": {
                  "TagContent": null,
                  "TagLink": null,
                  "FallbackText": null,
                  "TagType": "None",
                  "MultibuyData": null,
                  "MemberPriceData": null,
                  "TagContentText": null,
                  "DualImageTagContent": null,
                  "PromotionType": "NOT_SET",
                  "IsRegisteredRewardCardPromotion": false
              },
              "IsCentreTag": false,
              "ImageTag": {
                  "TagContent": null,
                  "TagLink": null,
                  "FallbackText": "",
                  "TagType": "None",
                  "MultibuyData": null,
                  "MemberPriceData": null,
                  "TagContentText": null,
                  "DualImageTagContent": null,
                  "PromotionType": "NOT_SET",
                  "IsRegisteredRewardCardPromotion": false
              },
              "HeaderTag": null,
              "HasHeaderTag": false,
              "UnitWeightInGrams": 0,
              "SupplyLimitMessage": "'Tip Top The One Gluten Free White Sandwich Slice Bread Loaf' has a supply limit of 36. The quantity in your cart has been reduced accordingly. To purchase a larger quantity, please contact us on 1800 000 610. Please note we do not supply trade orders.",
              "SmallFormatDescription": "Tip Top The One Gluten Free White Sandwich Slice Bread Loaf",
              "FullDescription": "Tip Top The One Gluten Free White Sandwich Slice Bread Loaf",
              "IsAvailable": true,
              "InstoreIsAvailable": true,
              "IsPurchasable": true,
              "InstoreIsPurchasable": true,
              "AgeRestricted": false,
              "DisplayQuantity": 1,
              "RichDescription": null,
              "HideWasSavedPrice": false,
              "SapCategories": null,
              "Brand": "Tip Top",
              "IsRestrictedByDeliveryMethod": false,
              "FooterTag": {
                  "TagContent": null,
                  "TagLink": null,
                  "FallbackText": null,
                  "TagType": "None",
                  "MultibuyData": null,
                  "MemberPriceData": null,
                  "TagContentText": null,
                  "DualImageTagContent": null,
                  "PromotionType": "NOT_SET",
                  "IsRegisteredRewardCardPromotion": false
              },
              "IsFooterEnabled": false,
              "Diagnostics": "74",
              "IsBundle": false,
              "IsInFamily": false,
              "ChildProducts": null,
              "UrlOverride": null,
              "AdditionalAttributes": {
                  "boxedcontents": null,
                  "addedvitaminsandminerals": "False",
                  "sapdepartmentname": "PROPRIETARY BAKERY",
                  "spf": null,
                  "haircolour": null,
                  "lifestyleanddietarystatement": "Vegetarian",
                  "sapcategoryname": "PROPRIETARY BAKERY",
                  "skintype": null,
                  "importantinformation": null,
                  "allergystatement": "Wheat Free",
                  "productdepthmm": null,
                  "skincondition": null,
                  "ophthalmologistapproved": null,
                  "healthstarrating": "4",
                  "hairtype": null,
                  "fragrance-free": null,
                  "sapsegmentname": "DIETARY NEEDS",
                  "suitablefor": null,
                  "PiesProductDepartmentsjson": "[{\"Id\":\"1_9E92C35\",\"Description\":\"Lunch Box\"},{\"Id\":\"1_DEB537E\",\"Description\":\"Bakery\"}]",
                  "piessubcategorynamesjson": "[\"Packaged Bread\",\"Gluten Free\",\"Bakery Snacks\",\"Bread & Wraps\",\"Gluten Free Bakery\"]",
                  "sapsegmentno": "11",
                  "productwidthmm": null,
                  "contains": null,
                  "sapsubcategoryname": "RESALE BREAD",
                  "dermatologisttested": null,
                  "wool_productpackaging": null,
                  "dermatologicallyapproved": null,
                  "specialsgroupid": null,
                  "productimages": "165306.jpg,165306_2.jpg,165306_3.jpg,165306_4.jpg,165306_6.jpg",
                  "productheightmm": null,
                  "r&r_hidereviews": null,
                  "microwavesafe": "False",
                  "paba-free": null,
                  "lifestyleclaim": null,
                  "alcoholfree": null,
                  "tgawarning": null,
                  "activeconstituents": null,
                  "microwaveable": "False",
                  "soap-free": null,
                  "countryoforigin": null,
                  "isexcludedfromsubstitution": "False",
                  "productimagecount": "5",
                  "r&r_loggedinreviews": null,
                  "anti-dandruff": null,
                  "servingsize-total-nip": null,
                  "tgahealthwarninglink": null,
                  "allergenmaybepresent": null,
                  "PiesProductDepartmentNodeId": "1_9E92C35",
                  "parabenfree": "False",
                  "vendorarticleid": null,
                  "containsgluten": "False",
                  "containsnuts": "False",
                  "ingredients": "Modified Tapioca Starches (1442, 1412), Water, Rice Flour (22%), Canola Oil, Sugar, Egg White Powder, Soy Flour, Bakers Yeast, Iodised Salt, Vinegar, Vegetable Gum (412), Thickeners (464, 466), Maize Starch, Minerals (Iron, Zinc), Vitamins (Vitamin E, Niacin, Vitamin B6).",
                  "colour": null,
                  "manufacturer": null,
                  "sapcategoryno": "60",
                  "storageinstructions": "Store in a cool, dry place away from direct sunlight. Once opened, consume within 3 days. Freezing not recommended.",
                  "tgawarnings": null,
                  "piesdepartmentnamesjson": "[\"Lunch Box\",\"Bakery\"]",
                  "brand": "tip top",
                  "oilfree": null,
                  "fragrance": null,
                  "antibacterial": "False",
                  "non-comedogenic": null,
                  "antiseptic": "False",
                  "bpafree": "False",
                  "vendorcostprice": null,
                  "description": "This super soft and tasty loaf of Tip Top The One Gluten Free is high in fibre and has the added benefits of essential Vitamins and Minerals.It’s the only one you need.<br><br>This super soft and tasty loaf of Tip Top The One Gluten Free is high in fibre and has the added benefits of essential Vitamins and Minerals.It’s the only one you need.<br>Tip Top is all about home-grown goodness.<br>We partner with Foodbank to share goodness with the community. And we use more sustainable packaging whenever we can so Australia stays beautiful for generations to come.<br><br>High in Fibre<br><br>Vitamins and Minerals<br><br>Good Source of Iron<br><br>Dairy Free<br><br>Contains VitaminB6, Vitamin E,Niacin and Zinc<br><br>Gluten Free - Endorsed by Coeliac Australia<br><br>Fodmap Friendly<br><br>No Artificial Colours, Flavour or Preservatives",
                  "sweatresistant": null,
                  "sapsubcategoryno": "950",
                  "antioxidant": "False",
                  "claims": null,
                  "phbalanced": null,
                  "wool_dietaryclaim": null,
                  "ophthalmologisttested": null,
                  "sulfatefree": "False",
                  "servingsperpack-total-nip": null,
                  "piescategorynamesjson": "[\"Dietary Needs\",\"Snacks\",\"Lunch\",\"Packaged Bread & Bakery\"]",
                  "nutritionalinformation": "{\"Name\":\"Nutritional Information\",\"Attributes\":[{\"Id\":705,\"Name\":\"Carbohydrate Quantity Per 100g - Total - NIP\",\"Value\":\"43.30g\",\"Description\":\"Carbohydrate Quantity Per 100g - Total - NIP\",\"SortOrder\":83},{\"Id\":706,\"Name\":\"Carbohydrate Quantity Per Serve - Total - NIP\",\"Value\":\"40.30g\",\"Description\":\"Carbohydrate Quantity Per Serve - Total - NIP\",\"SortOrder\":87},{\"Id\":191,\"Name\":\"Dietary Fibre Quantity Per 100g - Total - NIP\",\"Value\":\"7.10g\",\"Description\":\"Dietary Fibre Quantity Per 100g - Total - NIP\",\"SortOrder\":175},{\"Id\":120,\"Name\":\"Dietary Fibre Quantity Per Serve - Total - NIP\",\"Value\":\"6.60g\",\"Description\":\"Dietary Fibre Quantity Per Serve - Total - NIP\",\"SortOrder\":179},{\"Id\":759,\"Name\":\"Energy kJ Quantity Per 100g - Total - NIP\",\"Value\":\"1010.00kJ\",\"Description\":\"Energy kJ Quantity Per 100g - Total - NIP\",\"SortOrder\":239},{\"Id\":760,\"Name\":\"Energy kJ Quantity Per Serve - Total - NIP\",\"Value\":\"939.00kJ\",\"Description\":\"Energy kJ Quantity Per Serve - Total - NIP\",\"SortOrder\":243},{\"Id\":253,\"Name\":\"Fat Saturated Quantity Per 100g - Total - NIP\",\"Value\":\"0.60g\",\"Description\":\"Fat Saturated Quantity Per 100g - Total - NIP\",\"SortOrder\":251},{\"Id\":258,\"Name\":\"Fat Saturated Quantity Per Serve - Total - NIP\",\"Value\":\"0.60g\",\"Description\":\"Fat Saturated Quantity Per Serve - Total - NIP\",\"SortOrder\":255},{\"Id\":764,\"Name\":\"Fat Total Quantity Per 100g - Total - NIP\",\"Value\":\"4.00g\",\"Description\":\"Fat Total Quantity Per 100g - Total - NIP\",\"SortOrder\":263},{\"Id\":166,\"Name\":\"Fat Total Quantity Per 100g - ValueWord - NIP\",\"Value\":\"4.00\",\"Description\":\"Fat Total Quantity Per 100g - ValueWord - NIP\",\"SortOrder\":264},{\"Id\":264,\"Name\":\"Fat Total Quantity Per Serve - Total - NIP\",\"Value\":\"3.70g\",\"Description\":\"Fat Total Quantity Per Serve - Total - NIP\",\"SortOrder\":267},{\"Id\":878,\"Name\":\"Protein Quantity Per 100g - Total - NIP\",\"Value\":\"4.40g\",\"Description\":\"Protein Quantity Per 100g - Total - NIP\",\"SortOrder\":587},{\"Id\":882,\"Name\":\"Protein Quantity Per Serve - Total - NIP\",\"Value\":\"4.10g\",\"Description\":\"Protein Quantity Per Serve - Total - NIP\",\"SortOrder\":591},{\"Id\":477,\"Name\":\"Serving Size - Total - NIP\",\"Value\":\"93.00g\",\"Description\":\"Serving Size - Total - NIP\",\"SortOrder\":607},{\"Id\":544,\"Name\":\"Servings Per Pack - Total - NIP\",\"Value\":\"6.00\",\"Description\":\"Servings Per Pack - Total - NIP\",\"SortOrder\":611},{\"Id\":491,\"Name\":\"Sodium Quantity Per 100g - Total - NIP\",\"Value\":\"323.00mg\",\"Description\":\"Sodium Quantity Per 100g - Total - NIP\",\"SortOrder\":623},{\"Id\":495,\"Name\":\"Sodium Quantity Per Serve - Total - NIP\",\"Value\":\"300.00mg\",\"Description\":\"Sodium Quantity Per Serve - Total - NIP\",\"SortOrder\":627},{\"Id\":908,\"Name\":\"Sugars Quantity Per 100g - SuffixUnits - NIP\",\"Value\":\"g\",\"Description\":\"Sugars Quantity Per 100g - SuffixUnits - NIP\",\"SortOrder\":646},{\"Id\":909,\"Name\":\"Sugars Quantity Per 100g - Total - NIP\",\"Value\":\"3.80g\",\"Description\":\"Sugars Quantity Per 100g - Total - NIP\",\"SortOrder\":647},{\"Id\":910,\"Name\":\"Sugars Quantity Per 100g - ValueWord - NIP\",\"Value\":\"3.80\",\"Description\":\"Sugars Quantity Per 100g - ValueWord - NIP\",\"SortOrder\":648},{\"Id\":911,\"Name\":\"Sugars Quantity Per Serve - SuffixUnits - NIP\",\"Value\":\"g\",\"Description\":\"Sugars Quantity Per Serve - SuffixUnits - NIP\",\"SortOrder\":650},{\"Id\":912,\"Name\":\"Sugars Quantity Per Serve - Total - NIP\",\"Value\":\"3.50g\",\"Description\":\"Sugars Quantity Per Serve - Total - NIP\",\"SortOrder\":651},{\"Id\":572,\"Name\":\"Sugars Quantity Per Serve - ValueWord - NIP\",\"Value\":\"3.50\",\"Description\":\"Sugars Quantity Per Serve - ValueWord - NIP\",\"SortOrder\":652}]}",
                  "ovencook": "False",
                  "vegetarian": "False",
                  "hypo-allergenic": null,
                  "timer": null,
                  "dermatologistrecommended": null,
                  "sapdepartmentno": "47",
                  "allergencontains": "Egg, Soy",
                  "waterresistant": null,
                  "friendlydisclaimer": null,
                  "recyclableinformation": null,
                  "usageinstructions": null,
                  "freezable": "False"
              },
              "DetailsImagePaths": [
                  "https://cdn0.woolworths.media/content/wowproductimages/large/165306.jpg"
              ],
              "Variety": "Sandwich Slice Bread Loaf",
              "Rating": {
                  "ReviewCount": 0,
                  "RatingCount": 0,
                  "RatingSum": 0,
                  "OneStarCount": 0,
                  "TwoStarCount": 0,
                  "ThreeStarCount": 0,
                  "FourStarCount": 0,
                  "FiveStarCount": 0,
                  "Average": 0,
                  "OneStarPercentage": 0,
                  "TwoStarPercentage": 0,
                  "ThreeStarPercentage": 0,
                  "FourStarPercentage": 0,
                  "FiveStarPercentage": 0
              },
              "HasProductSubs": false,
              "IsSponsoredAd": true,
              "AdID": "display_tax7Z-QskBywkkVzEaln7wKJ_eMKCAoGMTY1MzA2EgAaDAiF7--uBhDiyqGOASICCAE=",
              "AdIndex": 2,
              "IsMarketProduct": false,
              "IsGiftable": false,
              "Vendor": null,
              "Untraceable": false,
              "ThirdPartyProductInfo": null,
              "MarketFeatures": null,
              "MarketSpecifications": null,
              "SupplyLimitSource": "ProductLimit",
              "Tags": null,
              "IsPersonalisedByPurchaseHistory": false,
              "IsFromFacetedSearch": false,
              "NextAvailabilityDate": "2024-02-22T00:00:00.0000000Z",
              "NumberOfSubstitutes": 0,
              "IsPrimaryVariant": false,
              "VariantGroupId": 0,
              "HasVariants": false,
              "VariantTitle": null,
              "IsTobacco": false
          }
      ],
      "Name": "Tip Top The One Gluten Free White Sandwich Slice Bread Loaf",
      "DisplayName": "Tip Top The One Gluten Free White Sandwich Slice Bread Loaf 550g"
  },
  {
      "Products": [
          {
              "TileID": 0,
              "Stockcode": 66366,
              "Barcode": "9330856007177",
              "GtinFormat": 13,
              "CupPrice": 1.96,
              "InstoreCupPrice": 2.32,
              "CupMeasure": "100G",
              "CupString": "$1.96 / 100G",
              "InstoreCupString": "$2.32 / 100G",
              "HasCupPrice": true,
              "InstoreHasCupPrice": true,
              "Price": 5.5,
              "InstorePrice": 5.5,
              "Name": "Old Time Bakery Gluten Free Lebanese Bread",
              "DisplayName": "Old Time Bakery Gluten Free Lebanese Bread 280g",
              "UrlFriendlyName": "old-time-bakery-gluten-free-lebanese-bread",
              "Description": " Old Time Bakery Gluten Free<br>Lebanese Bread  280G",
              "SmallImageFile": "https://cdn0.woolworths.media/content/wowproductimages/small/066366.jpg",
              "MediumImageFile": "https://cdn0.woolworths.media/content/wowproductimages/medium/066366.jpg",
              "LargeImageFile": "https://cdn0.woolworths.media/content/wowproductimages/large/066366.jpg",
              "IsNew": false,
              "IsHalfPrice": false,
              "IsOnlineOnly": false,
              "IsOnSpecial": true,
              "InstoreIsOnSpecial": true,
              "IsEdrSpecial": false,
              "SavingsAmount": 1,
              "InstoreSavingsAmount": 1,
              "WasPrice": 6.5,
              "InstoreWasPrice": 6.5,
              "QuantityInTrolley": 0,
              "Unit": "Each",
              "MinimumQuantity": 1,
              "HasBeenBoughtBefore": false,
              "IsInTrolley": false,
              "Source": "Aisle.Bakery",
              "SupplyLimit": 10,
              "ProductLimit": 36,
              "MaxSupplyLimitMessage": "10 item(s) left",
              "IsRanged": true,
              "IsInStock": true,
              "PackageSize": "280G",
              "IsPmDelivery": false,
              "IsForCollection": true,
              "IsForDelivery": true,
              "IsForExpress": true,
              "ProductRestrictionMessage": null,
              "ProductWarningMessage": null,
              "CentreTag": {
                  "TagContent": null,
                  "TagLink": null,
                  "FallbackText": null,
                  "TagType": "None",
                  "MultibuyData": null,
                  "MemberPriceData": null,
                  "TagContentText": null,
                  "DualImageTagContent": null,
                  "PromotionType": "NOT_SET",
                  "IsRegisteredRewardCardPromotion": false
              },
              "IsCentreTag": false,
              "ImageTag": {
                  "TagContent": "/content/promotiontags/roundel-special-200x200.png",
                  "TagLink": "",
                  "FallbackText": "On Special",
                  "TagType": "None",
                  "MultibuyData": null,
                  "MemberPriceData": null,
                  "TagContentText": null,
                  "DualImageTagContent": null,
                  "PromotionType": "NOT_SET",
                  "IsRegisteredRewardCardPromotion": false
              },
              "HeaderTag": {
                  "BackgroundColor": "#fd0",
                  "BorderColor": "#fd0",
                  "TextColor": "#000",
                  "Content": "Save $1.00",
                  "TagLink": null,
                  "Promotion": "Special"
              },
              "HasHeaderTag": true,
              "UnitWeightInGrams": 0,
              "SupplyLimitMessage": "'Old Time Bakery Gluten Free Lebanese Bread' has a supply limit of 10. The quantity in your cart has been reduced accordingly. To purchase a larger quantity, please contact us on 1800 000 610. Please note we do not supply trade orders.",
              "SmallFormatDescription": "Old Time Bakery Gluten Free Lebanese Bread ",
              "FullDescription": "Old Time Bakery Gluten Free Lebanese Bread ",
              "IsAvailable": true,
              "InstoreIsAvailable": true,
              "IsPurchasable": true,
              "InstoreIsPurchasable": true,
              "AgeRestricted": false,
              "DisplayQuantity": 1,
              "RichDescription": null,
              "HideWasSavedPrice": false,
              "SapCategories": null,
              "Brand": "Old Time Bakery",
              "IsRestrictedByDeliveryMethod": false,
              "FooterTag": {
                  "TagContent": null,
                  "TagLink": null,
                  "FallbackText": null,
                  "TagType": "None",
                  "MultibuyData": null,
                  "MemberPriceData": null,
                  "TagContentText": null,
                  "DualImageTagContent": null,
                  "PromotionType": "NOT_SET",
                  "IsRegisteredRewardCardPromotion": false
              },
              "IsFooterEnabled": false,
              "Diagnostics": "75",
              "IsBundle": false,
              "IsInFamily": false,
              "ChildProducts": null,
              "UrlOverride": null,
              "AdditionalAttributes": {
                  "boxedcontents": null,
                  "addedvitaminsandminerals": "False",
                  "sapdepartmentname": "PROPRIETARY BAKERY",
                  "spf": null,
                  "haircolour": null,
                  "lifestyleanddietarystatement": null,
                  "sapcategoryname": "PROPRIETARY BAKERY",
                  "skintype": null,
                  "importantinformation": null,
                  "allergystatement": null,
                  "productdepthmm": null,
                  "skincondition": null,
                  "ophthalmologistapproved": null,
                  "healthstarrating": "3",
                  "hairtype": null,
                  "fragrance-free": null,
                  "sapsegmentname": "DIETARY NEEDS",
                  "suitablefor": null,
                  "PiesProductDepartmentsjson": "[{\"Id\":\"1_DEB537E\",\"Description\":\"Bakery\"}]",
                  "piessubcategorynamesjson": "[\"Packaged Bread\"]",
                  "sapsegmentno": "9",
                  "productwidthmm": null,
                  "contains": null,
                  "sapsubcategoryname": "RESALE INTERNATIONAL BREAD",
                  "dermatologisttested": null,
                  "wool_productpackaging": null,
                  "dermatologicallyapproved": null,
                  "specialsgroupid": null,
                  "productimages": "66366.jpg",
                  "productheightmm": null,
                  "r&r_hidereviews": null,
                  "microwavesafe": "False",
                  "paba-free": null,
                  "lifestyleclaim": null,
                  "alcoholfree": null,
                  "tgawarning": null,
                  "activeconstituents": null,
                  "microwaveable": "False",
                  "soap-free": null,
                  "countryoforigin": null,
                  "isexcludedfromsubstitution": "False",
                  "productimagecount": "1",
                  "r&r_loggedinreviews": null,
                  "anti-dandruff": null,
                  "servingsize-total-nip": null,
                  "tgahealthwarninglink": null,
                  "allergenmaybepresent": null,
                  "PiesProductDepartmentNodeId": "1_DEB537E",
                  "parabenfree": "False",
                  "vendorarticleid": null,
                  "containsgluten": "False",
                  "containsnuts": "False",
                  "ingredients": null,
                  "colour": null,
                  "manufacturer": null,
                  "sapcategoryno": "60",
                  "storageinstructions": null,
                  "tgawarnings": null,
                  "piesdepartmentnamesjson": "[\"Bakery\"]",
                  "brand": "old time bakery",
                  "oilfree": null,
                  "fragrance": null,
                  "antibacterial": "False",
                  "non-comedogenic": null,
                  "antiseptic": "False",
                  "bpafree": "False",
                  "vendorcostprice": null,
                  "description": null,
                  "sweatresistant": null,
                  "sapsubcategoryno": "810",
                  "antioxidant": "False",
                  "claims": null,
                  "phbalanced": null,
                  "wool_dietaryclaim": null,
                  "ophthalmologisttested": null,
                  "sulfatefree": "False",
                  "servingsperpack-total-nip": null,
                  "piescategorynamesjson": "[\"Packaged Bread & Bakery\"]",
                  "nutritionalinformation": null,
                  "ovencook": "False",
                  "vegetarian": "False",
                  "hypo-allergenic": null,
                  "timer": null,
                  "dermatologistrecommended": null,
                  "sapdepartmentno": "47",
                  "allergencontains": null,
                  "waterresistant": null,
                  "friendlydisclaimer": null,
                  "recyclableinformation": null,
                  "usageinstructions": null,
                  "freezable": "False"
              },
              "DetailsImagePaths": [
                  "https://cdn0.woolworths.media/content/wowproductimages/large/066366.jpg"
              ],
              "Variety": null,
              "Rating": {
                  "ReviewCount": 0,
                  "RatingCount": 0,
                  "RatingSum": 0,
                  "OneStarCount": 0,
                  "TwoStarCount": 0,
                  "ThreeStarCount": 0,
                  "FourStarCount": 0,
                  "FiveStarCount": 0,
                  "Average": 0,
                  "OneStarPercentage": 0,
                  "TwoStarPercentage": 0,
                  "ThreeStarPercentage": 0,
                  "FourStarPercentage": 0,
                  "FiveStarPercentage": 0
              },
              "HasProductSubs": false,
              "IsSponsoredAd": true,
              "AdID": "display_zfWnOy6XYwZhlfuqDkS4e2XHf78KBwoFNjYzNjYSABoMCIXv764GEKKeoo4BIgIIAQ==",
              "AdIndex": 3,
              "IsMarketProduct": false,
              "IsGiftable": false,
              "Vendor": null,
              "Untraceable": false,
              "ThirdPartyProductInfo": null,
              "MarketFeatures": null,
              "MarketSpecifications": null,
              "SupplyLimitSource": "StockQuantity",
              "Tags": [
                  {
                      "Content": {
                          "Type": "Label",
                          "Position": "Top",
                          "Attributes": {
                              "Text": "Save $1.00",
                              "Promotion": "Special",
                              "BackgroundColor": "#fd0",
                              "BorderColor": "#fd0",
                              "TextColor": "#000"
                          }
                      },
                      "TemplateId": null,
                      "Metadata": null
                  },
                  {
                      "Content": {
                          "Type": "Roundel",
                          "Position": "Top",
                          "Attributes": {
                              "ImagePath": "/content/promotiontags/roundel-special-200x200.png",
                              "FallbackText": "On Special"
                          }
                      },
                      "TemplateId": null,
                      "Metadata": null
                  }
              ],
              "IsPersonalisedByPurchaseHistory": false,
              "IsFromFacetedSearch": false,
              "NextAvailabilityDate": "2024-02-22T00:00:00.0000000Z",
              "NumberOfSubstitutes": 0,
              "IsPrimaryVariant": false,
              "VariantGroupId": 0,
              "HasVariants": false,
              "VariantTitle": null,
              "IsTobacco": false
          }
      ],
      "Name": "Old Time Bakery Gluten Free Lebanese Bread",
      "DisplayName": "Old Time Bakery Gluten Free Lebanese Bread 280g"
  },
  {
      "Products": [
          {
              "TileID": 0,
              "Stockcode": 95872,
              "Barcode": "9310128002543",
              "GtinFormat": 13,
              "CupPrice": 0.58,
              "InstoreCupPrice": 0.58,
              "CupMeasure": "100G",
              "CupString": "$0.58 / 100G",
              "InstoreCupString": "$0.58 / 100G",
              "HasCupPrice": true,
              "InstoreHasCupPrice": true,
              "Price": 4.9,
              "InstorePrice": 4.9,
              "Name": "Helga's Grain Bread Mixed Grain",
              "DisplayName": "Helga's Grain Bread Mixed Grain 850g",
              "UrlFriendlyName": "helga-s-grain-bread-mixed-grain",
              "Description": " Helga's Grain Bread Mixed<br>Grain 850G",
              "SmallImageFile": "https://cdn0.woolworths.media/content/wowproductimages/small/095872.jpg",
              "MediumImageFile": "https://cdn0.woolworths.media/content/wowproductimages/medium/095872.jpg",
              "LargeImageFile": "https://cdn0.woolworths.media/content/wowproductimages/large/095872.jpg",
              "IsNew": false,
              "IsHalfPrice": false,
              "IsOnlineOnly": false,
              "IsOnSpecial": false,
              "InstoreIsOnSpecial": false,
              "IsEdrSpecial": false,
              "SavingsAmount": 0,
              "InstoreSavingsAmount": 0,
              "WasPrice": 4.9,
              "InstoreWasPrice": 4.9,
              "QuantityInTrolley": 0,
              "Unit": "Each",
              "MinimumQuantity": 1,
              "HasBeenBoughtBefore": false,
              "IsInTrolley": false,
              "Source": "Aisle.Bakery",
              "SupplyLimit": 36,
              "ProductLimit": 36,
              "MaxSupplyLimitMessage": "36 item limit",
              "IsRanged": true,
              "IsInStock": true,
              "PackageSize": "850G",
              "IsPmDelivery": false,
              "IsForCollection": true,
              "IsForDelivery": true,
              "IsForExpress": true,
              "ProductRestrictionMessage": null,
              "ProductWarningMessage": null,
              "CentreTag": {
                  "TagContent": null,
                  "TagLink": null,
                  "FallbackText": null,
                  "TagType": "None",
                  "MultibuyData": null,
                  "MemberPriceData": null,
                  "TagContentText": null,
                  "DualImageTagContent": null,
                  "PromotionType": "NOT_SET",
                  "IsRegisteredRewardCardPromotion": false
              },
              "IsCentreTag": false,
              "ImageTag": {
                  "TagContent": null,
                  "TagLink": null,
                  "FallbackText": "",
                  "TagType": "None",
                  "MultibuyData": null,
                  "MemberPriceData": null,
                  "TagContentText": null,
                  "DualImageTagContent": null,
                  "PromotionType": "NOT_SET",
                  "IsRegisteredRewardCardPromotion": false
              },
              "HeaderTag": {
                  "BackgroundColor": "#c20016",
                  "BorderColor": "#c20016",
                  "TextColor": "#fff",
                  "Content": "LOW PRICE",
                  "TagLink": null,
                  "Promotion": "LowPrice"
              },
              "HasHeaderTag": true,
              "UnitWeightInGrams": 0,
              "SupplyLimitMessage": "'Helga's Grain Bread Mixed Grain' has a supply limit of 36. The quantity in your cart has been reduced accordingly. To purchase a larger quantity, please contact us on 1800 000 610. Please note we do not supply trade orders.",
              "SmallFormatDescription": "Helga's Grain Bread Mixed Grain",
              "FullDescription": "Helga's Grain Bread Mixed Grain",
              "IsAvailable": true,
              "InstoreIsAvailable": false,
              "IsPurchasable": true,
              "InstoreIsPurchasable": false,
              "AgeRestricted": false,
              "DisplayQuantity": 1,
              "RichDescription": null,
              "HideWasSavedPrice": false,
              "SapCategories": null,
              "Brand": "Helga's",
              "IsRestrictedByDeliveryMethod": false,
              "FooterTag": {
                  "TagContent": "Lower Price Always",
                  "TagLink": null,
                  "FallbackText": null,
                  "TagType": "Html",
                  "MultibuyData": null,
                  "MemberPriceData": null,
                  "TagContentText": null,
                  "DualImageTagContent": null,
                  "PromotionType": "NOT_SET",
                  "IsRegisteredRewardCardPromotion": false
              },
              "IsFooterEnabled": true,
              "Diagnostics": "76",
              "IsBundle": false,
              "IsInFamily": false,
              "ChildProducts": null,
              "UrlOverride": null,
              "AdditionalAttributes": {
                  "boxedcontents": null,
                  "addedvitaminsandminerals": "False",
                  "sapdepartmentname": "PROPRIETARY BAKERY",
                  "spf": null,
                  "haircolour": null,
                  "lifestyleanddietarystatement": "Low Saturated Fat",
                  "sapcategoryname": "PROPRIETARY BAKERY",
                  "skintype": null,
                  "importantinformation": null,
                  "allergystatement": "Egg Free",
                  "productdepthmm": null,
                  "skincondition": null,
                  "ophthalmologistapproved": null,
                  "healthstarrating": "4",
                  "hairtype": null,
                  "fragrance-free": null,
                  "sapsegmentname": "SEEDS AND GRAINS LOAF",
                  "suitablefor": null,
                  "PiesProductDepartmentsjson": "[{\"Id\":\"1_9E92C35\",\"Description\":\"Lunch Box\"},{\"Id\":\"1_DEB537E\",\"Description\":\"Bakery\"}]",
                  "piessubcategorynamesjson": "[\"Packaged Bread\",\"Bread & Wraps\"]",
                  "sapsegmentno": "6",
                  "productwidthmm": null,
                  "contains": null,
                  "sapsubcategoryname": "RESALE BREAD",
                  "dermatologisttested": null,
                  "wool_productpackaging": null,
                  "dermatologicallyapproved": null,
                  "specialsgroupid": null,
                  "productimages": "95872.jpg,95872_2.jpg,95872_3.jpg,95872_4.jpg,95872_7.jpg,95872_8.jpg,95872_9.jpg",
                  "productheightmm": null,
                  "r&r_hidereviews": null,
                  "microwavesafe": "False",
                  "paba-free": null,
                  "lifestyleclaim": null,
                  "alcoholfree": null,
                  "tgawarning": null,
                  "activeconstituents": null,
                  "microwaveable": "False",
                  "soap-free": null,
                  "countryoforigin": null,
                  "isexcludedfromsubstitution": "False",
                  "productimagecount": "7",
                  "r&r_loggedinreviews": null,
                  "anti-dandruff": null,
                  "servingsize-total-nip": null,
                  "tgahealthwarninglink": null,
                  "allergenmaybepresent": "Sesame",
                  "PiesProductDepartmentNodeId": "1_9E92C35",
                  "parabenfree": "False",
                  "vendorarticleid": null,
                  "containsgluten": "False",
                  "containsnuts": "False",
                  "ingredients": "Wheat flour, water, mixed grains (17%) (kibbled wheat, kibbled rye, kibbled triticale, oats), linseeds, kibbled soy, yeast, vinegar, iodised salt, canola oil, wheat gluten, cultured wheat flour, soy flour, vegetable emulsifiers (481, 471, 472e), malted barley flour, vitamins (thiamin, folic acid).",
                  "colour": null,
                  "manufacturer": null,
                  "sapcategoryno": "60",
                  "storageinstructions": "HELGA'S suggest bread be stored in a cool dry place, out of direct sunlight.",
                  "tgawarnings": null,
                  "piesdepartmentnamesjson": "[\"Lunch Box\",\"Bakery\"]",
                  "brand": "helga's",
                  "oilfree": null,
                  "fragrance": null,
                  "antibacterial": "False",
                  "non-comedogenic": null,
                  "antiseptic": "False",
                  "bpafree": "False",
                  "vendorcostprice": null,
                  "description": "Helga's Mixed Grain Loaf Sliced Bread is the perfect choice for sandwiches and toasties. Filled with grains and seeds, it provides a source of fibre and protein.<BR><BR>One serve (2 slices) of Helga’s Mixed Grain contributes 30% toward the Grains & Legumes Nutrition Council™ 48g Whole Grain Daily Target Intake. It is enriched with protein and fibre, plus contains no artificial colours, flavours or preservatives. With a four star health rating, it is a great choice for lunchboxes.<BR><BR>• 2 slices contributes 30% toward the Grains & Legumes Nutrition Council™ 48g Whole Grain Daily Target Intake<BR><BR>• Source of protein<BR><BR>• Source of fibre<BR><BR>• Health star rating of 4<BR><BR>• No artificial colours, flavours or preservatives",
                  "sweatresistant": null,
                  "sapsubcategoryno": "950",
                  "antioxidant": "False",
                  "claims": null,
                  "phbalanced": null,
                  "wool_dietaryclaim": null,
                  "ophthalmologisttested": null,
                  "sulfatefree": "False",
                  "servingsperpack-total-nip": null,
                  "piescategorynamesjson": "[\"Lunch\",\"Packaged Bread & Bakery\"]",
                  "nutritionalinformation": "{\"Name\":\"Nutritional Information\",\"Attributes\":[{\"Id\":702,\"Name\":\"Calcium Quantity Per 100g - Total - NIP\",\"Value\":\"95mg\",\"Description\":\"Calcium Quantity Per 100g - Total - NIP\",\"SortOrder\":71},{\"Id\":47,\"Name\":\"Calcium Quantity Per Serve - Total - NIP\",\"Value\":\"89.52mg\",\"Description\":\"Calcium Quantity Per Serve - Total - NIP\",\"SortOrder\":75},{\"Id\":705,\"Name\":\"Carbohydrate Quantity Per 100g - Total - NIP\",\"Value\":\"42.7g\",\"Description\":\"Carbohydrate Quantity Per 100g - Total - NIP\",\"SortOrder\":83},{\"Id\":706,\"Name\":\"Carbohydrate Quantity Per Serve - Total - NIP\",\"Value\":\"40.1g\",\"Description\":\"Carbohydrate Quantity Per Serve - Total - NIP\",\"SortOrder\":87},{\"Id\":191,\"Name\":\"Dietary Fibre Quantity Per 100g - Total - NIP\",\"Value\":\"4.0g\",\"Description\":\"Dietary Fibre Quantity Per 100g - Total - NIP\",\"SortOrder\":175},{\"Id\":120,\"Name\":\"Dietary Fibre Quantity Per Serve - Total - NIP\",\"Value\":\"3.8g\",\"Description\":\"Dietary Fibre Quantity Per Serve - Total - NIP\",\"SortOrder\":179},{\"Id\":759,\"Name\":\"Energy kJ Quantity Per 100g - Total - NIP\",\"Value\":\"1040kJ\",\"Description\":\"Energy kJ Quantity Per 100g - Total - NIP\",\"SortOrder\":239},{\"Id\":760,\"Name\":\"Energy kJ Quantity Per Serve - Total - NIP\",\"Value\":\"980kJ\",\"Description\":\"Energy kJ Quantity Per Serve - Total - NIP\",\"SortOrder\":243},{\"Id\":253,\"Name\":\"Fat Saturated Quantity Per 100g - Total - NIP\",\"Value\":\"<1.0g\",\"Description\":\"Fat Saturated Quantity Per 100g - Total - NIP\",\"SortOrder\":251},{\"Id\":258,\"Name\":\"Fat Saturated Quantity Per Serve - Total - NIP\",\"Value\":\"<1.0g\",\"Description\":\"Fat Saturated Quantity Per Serve - Total - NIP\",\"SortOrder\":255},{\"Id\":764,\"Name\":\"Fat Total Quantity Per 100g - Total - NIP\",\"Value\":\"3.6g\",\"Description\":\"Fat Total Quantity Per 100g - Total - NIP\",\"SortOrder\":263},{\"Id\":166,\"Name\":\"Fat Total Quantity Per 100g - ValueWord - NIP\",\"Value\":\"3.6\",\"Description\":\"Fat Total Quantity Per 100g - ValueWord - NIP\",\"SortOrder\":264},{\"Id\":264,\"Name\":\"Fat Total Quantity Per Serve - Total - NIP\",\"Value\":\"3.4g\",\"Description\":\"Fat Total Quantity Per Serve - Total - NIP\",\"SortOrder\":267},{\"Id\":402,\"Name\":\"Monounsaturated Quantity Per 100g - Total - NIP\",\"Value\":\"1.25g\",\"Description\":\"Monounsaturated Quantity Per 100g - Total - NIP\",\"SortOrder\":479},{\"Id\":834,\"Name\":\"Monounsaturated Quantity Per Serve - Total - NIP\",\"Value\":\"1.18g\",\"Description\":\"Monounsaturated Quantity Per Serve - Total - NIP\",\"SortOrder\":483},{\"Id\":434,\"Name\":\"Polyunsaturated Quantity Per 100g - Total - NIP\",\"Value\":\"2.55g\",\"Description\":\"Polyunsaturated Quantity Per 100g - Total - NIP\",\"SortOrder\":563},{\"Id\":435,\"Name\":\"Polyunsaturated Quantity Per Serve - Total - NIP\",\"Value\":\"2.4g\",\"Description\":\"Polyunsaturated Quantity Per Serve - Total - NIP\",\"SortOrder\":567},{\"Id\":443,\"Name\":\"Potassium Quantity Per 100g - Total - NIP\",\"Value\":\"196mg\",\"Description\":\"Potassium Quantity Per 100g - Total - NIP\",\"SortOrder\":575},{\"Id\":493,\"Name\":\"Potassium Quantity Per Serve - Total - NIP\",\"Value\":\"184.69mg\",\"Description\":\"Potassium Quantity Per Serve - Total - NIP\",\"SortOrder\":579},{\"Id\":878,\"Name\":\"Protein Quantity Per 100g - Total - NIP\",\"Value\":\"8.4g\",\"Description\":\"Protein Quantity Per 100g - Total - NIP\",\"SortOrder\":587},{\"Id\":882,\"Name\":\"Protein Quantity Per Serve - Total - NIP\",\"Value\":\"7.9g\",\"Description\":\"Protein Quantity Per Serve - Total - NIP\",\"SortOrder\":591},{\"Id\":477,\"Name\":\"Serving Size - Total - NIP\",\"Value\":\"94g (2 slices)\",\"Description\":\"Serving Size - Total - NIP\",\"SortOrder\":607},{\"Id\":544,\"Name\":\"Servings Per Pack - Total - NIP\",\"Value\":\"9(16 slices and 2 crusts)\",\"Description\":\"Servings Per Pack - Total - NIP\",\"SortOrder\":611},{\"Id\":491,\"Name\":\"Sodium Quantity Per 100g - Total - NIP\",\"Value\":\"330mg\",\"Description\":\"Sodium Quantity Per 100g - Total - NIP\",\"SortOrder\":623},{\"Id\":495,\"Name\":\"Sodium Quantity Per Serve - Total - NIP\",\"Value\":\"310mg\",\"Description\":\"Sodium Quantity Per Serve - Total - NIP\",\"SortOrder\":627},{\"Id\":907,\"Name\":\"Sugars Quantity Per 100g - Prefix - NIP\",\"Value\":null,\"Description\":\"Sugars Quantity Per 100g - Prefix - NIP\",\"SortOrder\":645},{\"Id\":908,\"Name\":\"Sugars Quantity Per 100g - SuffixUnits - NIP\",\"Value\":\"g\",\"Description\":\"Sugars Quantity Per 100g - SuffixUnits - NIP\",\"SortOrder\":646},{\"Id\":909,\"Name\":\"Sugars Quantity Per 100g - Total - NIP\",\"Value\":\"2.6g\",\"Description\":\"Sugars Quantity Per 100g - Total - NIP\",\"SortOrder\":647},{\"Id\":910,\"Name\":\"Sugars Quantity Per 100g - ValueWord - NIP\",\"Value\":\"2.6\",\"Description\":\"Sugars Quantity Per 100g - ValueWord - NIP\",\"SortOrder\":648},{\"Id\":504,\"Name\":\"Sugars Quantity Per Serve - Prefix - NIP\",\"Value\":null,\"Description\":\"Sugars Quantity Per Serve - Prefix - NIP\",\"SortOrder\":649},{\"Id\":911,\"Name\":\"Sugars Quantity Per Serve - SuffixUnits - NIP\",\"Value\":\"g\",\"Description\":\"Sugars Quantity Per Serve - SuffixUnits - NIP\",\"SortOrder\":650},{\"Id\":912,\"Name\":\"Sugars Quantity Per Serve - Total - NIP\",\"Value\":\"2.4g\",\"Description\":\"Sugars Quantity Per Serve - Total - NIP\",\"SortOrder\":651},{\"Id\":572,\"Name\":\"Sugars Quantity Per Serve - ValueWord - NIP\",\"Value\":\"2.4\",\"Description\":\"Sugars Quantity Per Serve - ValueWord - NIP\",\"SortOrder\":652},{\"Id\":593,\"Name\":\"Trans Quantity Per 100g - Total - NIP\",\"Value\":\"31.5mg\",\"Description\":\"Trans Quantity Per 100g - Total - NIP\",\"SortOrder\":667},{\"Id\":510,\"Name\":\"Trans Quantity Per Serve - Total - NIP\",\"Value\":\"29.68mg\",\"Description\":\"Trans Quantity Per Serve - Total - NIP\",\"SortOrder\":671}]}",
                  "ovencook": "False",
                  "vegetarian": "False",
                  "hypo-allergenic": null,
                  "timer": null,
                  "dermatologistrecommended": null,
                  "sapdepartmentno": "47",
                  "allergencontains": "Soy, Gluten Containing Cereals",
                  "waterresistant": null,
                  "friendlydisclaimer": null,
                  "recyclableinformation": null,
                  "usageinstructions": null,
                  "freezable": "False"
              },
              "DetailsImagePaths": [
                  "https://cdn0.woolworths.media/content/wowproductimages/large/095872.jpg"
              ],
              "Variety": "Bread Mixed Grain",
              "Rating": {
                  "ReviewCount": 0,
                  "RatingCount": 0,
                  "RatingSum": 0,
                  "OneStarCount": 0,
                  "TwoStarCount": 0,
                  "ThreeStarCount": 0,
                  "FourStarCount": 0,
                  "FiveStarCount": 0,
                  "Average": 0,
                  "OneStarPercentage": 0,
                  "TwoStarPercentage": 0,
                  "ThreeStarPercentage": 0,
                  "FourStarPercentage": 0,
                  "FiveStarPercentage": 0
              },
              "HasProductSubs": false,
              "IsSponsoredAd": false,
              "AdID": null,
              "AdIndex": null,
              "IsMarketProduct": false,
              "IsGiftable": false,
              "Vendor": null,
              "Untraceable": false,
              "ThirdPartyProductInfo": null,
              "MarketFeatures": null,
              "MarketSpecifications": null,
              "SupplyLimitSource": "ProductLimit",
              "Tags": [
                  {
                      "Content": {
                          "Type": "Label",
                          "Position": "Top",
                          "Attributes": {
                              "Text": "LOW PRICE",
                              "Promotion": "LowPrice",
                              "BackgroundColor": "#c20016",
                              "BorderColor": "#c20016",
                              "TextColor": "#fff"
                          }
                      },
                      "TemplateId": null,
                      "Metadata": null
                  }
              ],
              "IsPersonalisedByPurchaseHistory": false,
              "IsFromFacetedSearch": false,
              "NextAvailabilityDate": "2024-02-22T00:00:00.0000000Z",
              "NumberOfSubstitutes": 0,
              "IsPrimaryVariant": false,
              "VariantGroupId": 0,
              "HasVariants": false,
              "VariantTitle": null,
              "IsTobacco": false
          }
      ],
      "Name": "Helga's Grain Bread Mixed Grain",
      "DisplayName": "Helga's Grain Bread Mixed Grain 850g"
  },
  {
      "Products": [
          {
              "TileID": 0,
              "Stockcode": 84128,
              "Barcode": "9310128002482",
              "GtinFormat": 13,
              "CupPrice": 0.65,
              "InstoreCupPrice": 0.65,
              "CupMeasure": "100G",
              "CupString": "$0.65 / 100G",
              "InstoreCupString": "$0.65 / 100G",
              "HasCupPrice": true,
              "InstoreHasCupPrice": true,
              "Price": 4.9,
              "InstorePrice": 4.9,
              "Name": "Helga's Bread Traditional White",
              "DisplayName": "Helga's Bread Traditional White 750g",
              "UrlFriendlyName": "helga-s-bread-traditional-white",
              "Description": " Helga's Bread Traditional<br>White 750G",
              "SmallImageFile": "https://cdn0.woolworths.media/content/wowproductimages/small/084128.jpg",
              "MediumImageFile": "https://cdn0.woolworths.media/content/wowproductimages/medium/084128.jpg",
              "LargeImageFile": "https://cdn0.woolworths.media/content/wowproductimages/large/084128.jpg",
              "IsNew": false,
              "IsHalfPrice": false,
              "IsOnlineOnly": false,
              "IsOnSpecial": false,
              "InstoreIsOnSpecial": false,
              "IsEdrSpecial": false,
              "SavingsAmount": 0,
              "InstoreSavingsAmount": 0,
              "WasPrice": 4.9,
              "InstoreWasPrice": 4.9,
              "QuantityInTrolley": 0,
              "Unit": "Each",
              "MinimumQuantity": 1,
              "HasBeenBoughtBefore": false,
              "IsInTrolley": false,
              "Source": "Aisle.Bakery",
              "SupplyLimit": 36,
              "ProductLimit": 36,
              "MaxSupplyLimitMessage": "36 item limit",
              "IsRanged": true,
              "IsInStock": true,
              "PackageSize": "750G",
              "IsPmDelivery": false,
              "IsForCollection": true,
              "IsForDelivery": true,
              "IsForExpress": true,
              "ProductRestrictionMessage": null,
              "ProductWarningMessage": null,
              "CentreTag": {
                  "TagContent": null,
                  "TagLink": null,
                  "FallbackText": null,
                  "TagType": "None",
                  "MultibuyData": null,
                  "MemberPriceData": null,
                  "TagContentText": null,
                  "DualImageTagContent": null,
                  "PromotionType": "NOT_SET",
                  "IsRegisteredRewardCardPromotion": false
              },
              "IsCentreTag": false,
              "ImageTag": {
                  "TagContent": null,
                  "TagLink": null,
                  "FallbackText": "",
                  "TagType": "None",
                  "MultibuyData": null,
                  "MemberPriceData": null,
                  "TagContentText": null,
                  "DualImageTagContent": null,
                  "PromotionType": "NOT_SET",
                  "IsRegisteredRewardCardPromotion": false
              },
              "HeaderTag": {
                  "BackgroundColor": "#c20016",
                  "BorderColor": "#c20016",
                  "TextColor": "#fff",
                  "Content": "LOW PRICE",
                  "TagLink": null,
                  "Promotion": "LowPrice"
              },
              "HasHeaderTag": true,
              "UnitWeightInGrams": 0,
              "SupplyLimitMessage": "'Helga's Bread Traditional White' has a supply limit of 36. The quantity in your cart has been reduced accordingly. To purchase a larger quantity, please contact us on 1800 000 610. Please note we do not supply trade orders.",
              "SmallFormatDescription": "Helga's Bread Traditional White",
              "FullDescription": "Helga's Bread Traditional White",
              "IsAvailable": true,
              "InstoreIsAvailable": false,
              "IsPurchasable": true,
              "InstoreIsPurchasable": false,
              "AgeRestricted": false,
              "DisplayQuantity": 1,
              "RichDescription": null,
              "HideWasSavedPrice": false,
              "SapCategories": null,
              "Brand": "Helga's",
              "IsRestrictedByDeliveryMethod": false,
              "FooterTag": {
                  "TagContent": "Lower Price Always",
                  "TagLink": null,
                  "FallbackText": null,
                  "TagType": "Html",
                  "MultibuyData": null,
                  "MemberPriceData": null,
                  "TagContentText": null,
                  "DualImageTagContent": null,
                  "PromotionType": "NOT_SET",
                  "IsRegisteredRewardCardPromotion": false
              },
              "IsFooterEnabled": true,
              "Diagnostics": "77",
              "IsBundle": false,
              "IsInFamily": false,
              "ChildProducts": null,
              "UrlOverride": null,
              "AdditionalAttributes": {
                  "boxedcontents": null,
                  "addedvitaminsandminerals": "False",
                  "sapdepartmentname": "PROPRIETARY BAKERY",
                  "spf": null,
                  "haircolour": null,
                  "lifestyleanddietarystatement": "Low Fat",
                  "sapcategoryname": "PROPRIETARY BAKERY",
                  "skintype": null,
                  "importantinformation": null,
                  "allergystatement": "Egg Free",
                  "productdepthmm": null,
                  "skincondition": null,
                  "ophthalmologistapproved": null,
                  "healthstarrating": "4",
                  "hairtype": null,
                  "fragrance-free": null,
                  "sapsegmentname": "WHITE LOAF",
                  "suitablefor": null,
                  "PiesProductDepartmentsjson": "[{\"Id\":\"1_DEB537E\",\"Description\":\"Bakery\"},{\"Id\":\"1_9E92C35\",\"Description\":\"Lunch Box\"}]",
                  "piessubcategorynamesjson": "[\"Packaged Bread\",\"Bread & Wraps\"]",
                  "sapsegmentno": "1",
                  "productwidthmm": null,
                  "contains": null,
                  "sapsubcategoryname": "RESALE BREAD",
                  "dermatologisttested": null,
                  "wool_productpackaging": null,
                  "dermatologicallyapproved": null,
                  "specialsgroupid": null,
                  "productimages": "84128.jpg,84128_2.jpg,84128_3.jpg,84128_4.jpg,84128_8.jpg,84128_9.jpg",
                  "productheightmm": null,
                  "r&r_hidereviews": null,
                  "microwavesafe": "False",
                  "paba-free": null,
                  "lifestyleclaim": null,
                  "alcoholfree": null,
                  "tgawarning": null,
                  "activeconstituents": null,
                  "microwaveable": "False",
                  "soap-free": null,
                  "countryoforigin": null,
                  "isexcludedfromsubstitution": "False",
                  "productimagecount": "6",
                  "r&r_loggedinreviews": null,
                  "anti-dandruff": null,
                  "servingsize-total-nip": null,
                  "tgahealthwarninglink": null,
                  "allergenmaybepresent": "Sesame",
                  "PiesProductDepartmentNodeId": "1_DEB537E",
                  "parabenfree": "False",
                  "vendorarticleid": null,
                  "containsgluten": "False",
                  "containsnuts": "False",
                  "ingredients": "*Wheat* flour, water, *rye* meal (4.5%), yeast, vinegar, iodised salt, canola oil, cultured *wheat* flour, *wheat* gluten, *soy* flour, vegetable emulsifiers (481, 471, 472e), *rye* flour, vitamins (thiamin, folic acid).",
                  "colour": null,
                  "manufacturer": null,
                  "sapcategoryno": "60",
                  "storageinstructions": "HELGA’S suggests bread be stored in a cool dry place, out of direct sunlight",
                  "tgawarnings": null,
                  "piesdepartmentnamesjson": "[\"Bakery\",\"Lunch Box\"]",
                  "brand": "helga's",
                  "oilfree": null,
                  "fragrance": null,
                  "antibacterial": "False",
                  "non-comedogenic": null,
                  "antiseptic": "False",
                  "bpafree": "False",
                  "vendorcostprice": null,
                  "description": "Helga's Traditional White Sliced Bread is full of all the good things you love about Helga’s. it's perfect for sandwiches, toast, and other bread recipes.<BR><BR>Helga's bakers begin with care by selecting the best quality ingredients, those that bring out the best taste in each other. Helga's Traditional White Sliced Bread is a breakfast classic, providing a source of fibre and protein in a traditional white bread loaf. it's also made with no artificial colours, flavours or preservatives and tastes great toasted, fresh, in sandwiches or in any recipe you like. it's not just bread. it's Helga's<BR><BR>• Source of fibre<BR><BR>• Source of protein<BR><BR>• No artificial colours<BR><BR>• No artificial flavours<BR><BR>• No artificial preservatives",
                  "sweatresistant": null,
                  "sapsubcategoryno": "950",
                  "antioxidant": "False",
                  "claims": null,
                  "phbalanced": null,
                  "wool_dietaryclaim": null,
                  "ophthalmologisttested": null,
                  "sulfatefree": "False",
                  "servingsperpack-total-nip": null,
                  "piescategorynamesjson": "[\"Packaged Bread & Bakery\",\"Lunch\"]",
                  "nutritionalinformation": "{\"Name\":\"Nutritional Information\",\"Attributes\":[{\"Id\":702,\"Name\":\"Calcium Quantity Per 100g - Total - NIP\",\"Value\":\"112mg\",\"Description\":\"Calcium Quantity Per 100g - Total - NIP\",\"SortOrder\":71},{\"Id\":47,\"Name\":\"Calcium Quantity Per Serve - Total - NIP\",\"Value\":\"93.15mg\",\"Description\":\"Calcium Quantity Per Serve - Total - NIP\",\"SortOrder\":75},{\"Id\":705,\"Name\":\"Carbohydrate Quantity Per 100g - Total - NIP\",\"Value\":\"46.1g\",\"Description\":\"Carbohydrate Quantity Per 100g - Total - NIP\",\"SortOrder\":83},{\"Id\":706,\"Name\":\"Carbohydrate Quantity Per Serve - Total - NIP\",\"Value\":\"38.3g\",\"Description\":\"Carbohydrate Quantity Per Serve - Total - NIP\",\"SortOrder\":87},{\"Id\":191,\"Name\":\"Dietary Fibre Quantity Per 100g - Total - NIP\",\"Value\":\"3.0g\",\"Description\":\"Dietary Fibre Quantity Per 100g - Total - NIP\",\"SortOrder\":175},{\"Id\":120,\"Name\":\"Dietary Fibre Quantity Per Serve - Total - NIP\",\"Value\":\"2.5g\",\"Description\":\"Dietary Fibre Quantity Per Serve - Total - NIP\",\"SortOrder\":179},{\"Id\":759,\"Name\":\"Energy kJ Quantity Per 100g - Total - NIP\",\"Value\":\"1030kJ\",\"Description\":\"Energy kJ Quantity Per 100g - Total - NIP\",\"SortOrder\":239},{\"Id\":760,\"Name\":\"Energy kJ Quantity Per Serve - Total - NIP\",\"Value\":\"850kJ\",\"Description\":\"Energy kJ Quantity Per Serve - Total - NIP\",\"SortOrder\":243},{\"Id\":253,\"Name\":\"Fat Saturated Quantity Per 100g - Total - NIP\",\"Value\":\"1.0g\",\"Description\":\"Fat Saturated Quantity Per 100g - Total - NIP\",\"SortOrder\":251},{\"Id\":258,\"Name\":\"Fat Saturated Quantity Per Serve - Total - NIP\",\"Value\":\"<1.0g\",\"Description\":\"Fat Saturated Quantity Per Serve - Total - NIP\",\"SortOrder\":255},{\"Id\":764,\"Name\":\"Fat Total Quantity Per 100g - Total - NIP\",\"Value\":\"2.3g\",\"Description\":\"Fat Total Quantity Per 100g - Total - NIP\",\"SortOrder\":263},{\"Id\":166,\"Name\":\"Fat Total Quantity Per 100g - ValueWord - NIP\",\"Value\":\"2.3\",\"Description\":\"Fat Total Quantity Per 100g - ValueWord - NIP\",\"SortOrder\":264},{\"Id\":264,\"Name\":\"Fat Total Quantity Per Serve - Total - NIP\",\"Value\":\"1.9g\",\"Description\":\"Fat Total Quantity Per Serve - Total - NIP\",\"SortOrder\":267},{\"Id\":402,\"Name\":\"Monounsaturated Quantity Per 100g - Total - NIP\",\"Value\":\"0.85g\",\"Description\":\"Monounsaturated Quantity Per 100g - Total - NIP\",\"SortOrder\":479},{\"Id\":834,\"Name\":\"Monounsaturated Quantity Per Serve - Total - NIP\",\"Value\":\"0.71g\",\"Description\":\"Monounsaturated Quantity Per Serve - Total - NIP\",\"SortOrder\":483},{\"Id\":434,\"Name\":\"Polyunsaturated Quantity Per 100g - Total - NIP\",\"Value\":\"1.35g\",\"Description\":\"Polyunsaturated Quantity Per 100g - Total - NIP\",\"SortOrder\":563},{\"Id\":435,\"Name\":\"Polyunsaturated Quantity Per Serve - Total - NIP\",\"Value\":\"1.12g\",\"Description\":\"Polyunsaturated Quantity Per Serve - Total - NIP\",\"SortOrder\":567},{\"Id\":443,\"Name\":\"Potassium Quantity Per 100g - Total - NIP\",\"Value\":\"134mg\",\"Description\":\"Potassium Quantity Per 100g - Total - NIP\",\"SortOrder\":575},{\"Id\":493,\"Name\":\"Potassium Quantity Per Serve - Total - NIP\",\"Value\":\"111.45mg\",\"Description\":\"Potassium Quantity Per Serve - Total - NIP\",\"SortOrder\":579},{\"Id\":878,\"Name\":\"Protein Quantity Per 100g - Total - NIP\",\"Value\":\"7.6g\",\"Description\":\"Protein Quantity Per 100g - Total - NIP\",\"SortOrder\":587},{\"Id\":882,\"Name\":\"Protein Quantity Per Serve - Total - NIP\",\"Value\":\"5.3g\",\"Description\":\"Protein Quantity Per Serve - Total - NIP\",\"SortOrder\":591},{\"Id\":477,\"Name\":\"Serving Size - Total - NIP\",\"Value\":\"83g\",\"Description\":\"Serving Size - Total - NIP\",\"SortOrder\":607},{\"Id\":544,\"Name\":\"Servings Per Pack - Total - NIP\",\"Value\":\"9\",\"Description\":\"Servings Per Pack - Total - NIP\",\"SortOrder\":611},{\"Id\":491,\"Name\":\"Sodium Quantity Per 100g - Total - NIP\",\"Value\":\"340mg\",\"Description\":\"Sodium Quantity Per 100g - Total - NIP\",\"SortOrder\":623},{\"Id\":495,\"Name\":\"Sodium Quantity Per Serve - Total - NIP\",\"Value\":\"280mg\",\"Description\":\"Sodium Quantity Per Serve - Total - NIP\",\"SortOrder\":627},{\"Id\":907,\"Name\":\"Sugars Quantity Per 100g - Prefix - NIP\",\"Value\":null,\"Description\":\"Sugars Quantity Per 100g - Prefix - NIP\",\"SortOrder\":645},{\"Id\":908,\"Name\":\"Sugars Quantity Per 100g - SuffixUnits - NIP\",\"Value\":\"g\",\"Description\":\"Sugars Quantity Per 100g - SuffixUnits - NIP\",\"SortOrder\":646},{\"Id\":909,\"Name\":\"Sugars Quantity Per 100g - Total - NIP\",\"Value\":\"2.8g\",\"Description\":\"Sugars Quantity Per 100g - Total - NIP\",\"SortOrder\":647},{\"Id\":910,\"Name\":\"Sugars Quantity Per 100g - ValueWord - NIP\",\"Value\":\"2.8\",\"Description\":\"Sugars Quantity Per 100g - ValueWord - NIP\",\"SortOrder\":648},{\"Id\":504,\"Name\":\"Sugars Quantity Per Serve - Prefix - NIP\",\"Value\":null,\"Description\":\"Sugars Quantity Per Serve - Prefix - NIP\",\"SortOrder\":649},{\"Id\":911,\"Name\":\"Sugars Quantity Per Serve - SuffixUnits - NIP\",\"Value\":\"g\",\"Description\":\"Sugars Quantity Per Serve - SuffixUnits - NIP\",\"SortOrder\":650},{\"Id\":912,\"Name\":\"Sugars Quantity Per Serve - Total - NIP\",\"Value\":\"2.3g\",\"Description\":\"Sugars Quantity Per Serve - Total - NIP\",\"SortOrder\":651},{\"Id\":572,\"Name\":\"Sugars Quantity Per Serve - ValueWord - NIP\",\"Value\":\"2.3\",\"Description\":\"Sugars Quantity Per Serve - ValueWord - NIP\",\"SortOrder\":652},{\"Id\":593,\"Name\":\"Trans Quantity Per 100g - Total - NIP\",\"Value\":\"29.86mg\",\"Description\":\"Trans Quantity Per 100g - Total - NIP\",\"SortOrder\":667},{\"Id\":510,\"Name\":\"Trans Quantity Per Serve - Total - NIP\",\"Value\":\"24.83mg\",\"Description\":\"Trans Quantity Per Serve - Total - NIP\",\"SortOrder\":671}]}",
                  "ovencook": "False",
                  "vegetarian": "False",
                  "hypo-allergenic": null,
                  "timer": null,
                  "dermatologistrecommended": null,
                  "sapdepartmentno": "47",
                  "allergencontains": "Gluten Containing Cereals, Soy",
                  "waterresistant": null,
                  "friendlydisclaimer": null,
                  "recyclableinformation": null,
                  "usageinstructions": null,
                  "freezable": "False"
              },
              "DetailsImagePaths": [
                  "https://cdn0.woolworths.media/content/wowproductimages/large/084128.jpg"
              ],
              "Variety": "Traditional White",
              "Rating": {
                  "ReviewCount": 0,
                  "RatingCount": 0,
                  "RatingSum": 0,
                  "OneStarCount": 0,
                  "TwoStarCount": 0,
                  "ThreeStarCount": 0,
                  "FourStarCount": 0,
                  "FiveStarCount": 0,
                  "Average": 0,
                  "OneStarPercentage": 0,
                  "TwoStarPercentage": 0,
                  "ThreeStarPercentage": 0,
                  "FourStarPercentage": 0,
                  "FiveStarPercentage": 0
              },
              "HasProductSubs": false,
              "IsSponsoredAd": false,
              "AdID": null,
              "AdIndex": null,
              "IsMarketProduct": false,
              "IsGiftable": false,
              "Vendor": null,
              "Untraceable": false,
              "ThirdPartyProductInfo": null,
              "MarketFeatures": null,
              "MarketSpecifications": null,
              "SupplyLimitSource": "ProductLimit",
              "Tags": [
                  {
                      "Content": {
                          "Type": "Label",
                          "Position": "Top",
                          "Attributes": {
                              "Text": "LOW PRICE",
                              "Promotion": "LowPrice",
                              "BackgroundColor": "#c20016",
                              "BorderColor": "#c20016",
                              "TextColor": "#fff"
                          }
                      },
                      "TemplateId": null,
                      "Metadata": null
                  }
              ],
              "IsPersonalisedByPurchaseHistory": false,
              "IsFromFacetedSearch": false,
              "NextAvailabilityDate": "2024-02-22T00:00:00.0000000Z",
              "NumberOfSubstitutes": 0,
              "IsPrimaryVariant": false,
              "VariantGroupId": 0,
              "HasVariants": false,
              "VariantTitle": null,
              "IsTobacco": false
          }
      ],
      "Name": "Helga's Bread Traditional White",
      "DisplayName": "Helga's Bread Traditional White 750g"
  },
  {
      "Products": [
          {
              "TileID": 0,
              "Stockcode": 233160,
              "Barcode": "0280181000000",
              "GtinFormat": 13,
              "CupPrice": 0.44,
              "InstoreCupPrice": 0.44,
              "CupMeasure": "100G",
              "CupString": "$0.44 / 100G",
              "InstoreCupString": "$0.44 / 100G",
              "HasCupPrice": true,
              "InstoreHasCupPrice": true,
              "Price": 3.5,
              "InstorePrice": 3.5,
              "Name": "Woolworths Bread White Extra Soft Loaf",
              "DisplayName": "Woolworths Bread White Extra Soft Loaf 800g",
              "UrlFriendlyName": "woolworths-bread-white-extra-soft-loaf",
              "Description": " Woolworths Bread White Extra<br>Soft Loaf 800G",
              "SmallImageFile": "https://cdn0.woolworths.media/content/wowproductimages/small/233160.jpg",
              "MediumImageFile": "https://cdn0.woolworths.media/content/wowproductimages/medium/233160.jpg",
              "LargeImageFile": "https://cdn0.woolworths.media/content/wowproductimages/large/233160.jpg",
              "IsNew": false,
              "IsHalfPrice": false,
              "IsOnlineOnly": false,
              "IsOnSpecial": false,
              "InstoreIsOnSpecial": false,
              "IsEdrSpecial": false,
              "SavingsAmount": 0,
              "InstoreSavingsAmount": 0,
              "WasPrice": 3.5,
              "InstoreWasPrice": 3.5,
              "QuantityInTrolley": 0,
              "Unit": "Each",
              "MinimumQuantity": 1,
              "HasBeenBoughtBefore": false,
              "IsInTrolley": false,
              "Source": "Aisle.Bakery",
              "SupplyLimit": 36,
              "ProductLimit": 36,
              "MaxSupplyLimitMessage": "36 item limit",
              "IsRanged": true,
              "IsInStock": true,
              "PackageSize": "800G",
              "IsPmDelivery": true,
              "IsForCollection": true,
              "IsForDelivery": true,
              "IsForExpress": true,
              "ProductRestrictionMessage": "Afternoon delivery & pick up",
              "ProductWarningMessage": "Afternoon delivery & pick up",
              "CentreTag": {
                  "TagContent": "<a class=\"member-pricing-link\" title=\"Member Price 2 for $6.00\" href=\"/Shop/OfferGroup/16502920\"><div class=\"member-price-first-line\"><span class=\"member-price-icon\"></span><span class=\"member-price-text\">Member Price</span> </div><span>2 for $6.00 - $0.38/100G</span><i aria-hidden=\"true\" class=\"iconAct-Chevron_Right\"></i></a>",
                  "TagLink": "",
                  "FallbackText": null,
                  "TagType": "Html",
                  "MultibuyData": {
                      "Quantity": 2,
                      "Price": 6,
                      "CupTag": "$0.38/100G"
                  },
                  "MemberPriceData": null,
                  "TagContentText": "Member Price 2 for $6.00 - $0.38/100G",
                  "DualImageTagContent": null,
                  "PromotionType": "NOT_SET",
                  "IsRegisteredRewardCardPromotion": true
              },
              "IsCentreTag": true,
              "ImageTag": {
                  "TagContent": "/content/promotiontags/roundel-member-price-200x200.png",
                  "TagLink": null,
                  "FallbackText": "Member Price",
                  "TagType": "None",
                  "MultibuyData": null,
                  "MemberPriceData": null,
                  "TagContentText": null,
                  "DualImageTagContent": null,
                  "PromotionType": "NOT_SET",
                  "IsRegisteredRewardCardPromotion": false
              },
              "HeaderTag": null,
              "HasHeaderTag": false,
              "UnitWeightInGrams": 0,
              "SupplyLimitMessage": "'Woolworths Bread White Extra Soft Loaf' has a supply limit of 36. The quantity in your cart has been reduced accordingly. To purchase a larger quantity, please contact us on 1800 000 610. Please note we do not supply trade orders.",
              "SmallFormatDescription": "Woolworths Bread White Extra Soft Loaf",
              "FullDescription": "Woolworths Bread White Extra Soft Loaf",
              "IsAvailable": true,
              "InstoreIsAvailable": false,
              "IsPurchasable": true,
              "InstoreIsPurchasable": false,
              "AgeRestricted": false,
              "DisplayQuantity": 1,
              "RichDescription": null,
              "HideWasSavedPrice": false,
              "SapCategories": null,
              "Brand": "Woolworths",
              "IsRestrictedByDeliveryMethod": false,
              "FooterTag": {
                  "TagContent": null,
                  "TagLink": null,
                  "FallbackText": null,
                  "TagType": "None",
                  "MultibuyData": null,
                  "MemberPriceData": null,
                  "TagContentText": null,
                  "DualImageTagContent": null,
                  "PromotionType": "NOT_SET",
                  "IsRegisteredRewardCardPromotion": false
              },
              "IsFooterEnabled": true,
              "Diagnostics": "78",
              "IsBundle": false,
              "IsInFamily": false,
              "ChildProducts": null,
              "UrlOverride": null,
              "AdditionalAttributes": {
                  "boxedcontents": null,
                  "addedvitaminsandminerals": "False",
                  "sapdepartmentname": "BAKEHOUSE",
                  "spf": null,
                  "haircolour": null,
                  "lifestyleanddietarystatement": "Low Fat",
                  "sapcategoryname": "INSTORE BAKERY",
                  "skintype": null,
                  "importantinformation": null,
                  "allergystatement": "Fish Free",
                  "productdepthmm": null,
                  "skincondition": null,
                  "ophthalmologistapproved": null,
                  "healthstarrating": "3.5",
                  "hairtype": null,
                  "fragrance-free": null,
                  "sapsegmentname": "WHITE LOAF",
                  "suitablefor": null,
                  "PiesProductDepartmentsjson": "[{\"Id\":\"1_9E92C35\",\"Description\":\"Lunch Box\"},{\"Id\":\"1_DEB537E\",\"Description\":\"Bakery\"}]",
                  "piessubcategorynamesjson": "[\"Bread & Wraps\",\"Bread\"]",
                  "sapsegmentno": "1",
                  "productwidthmm": null,
                  "contains": null,
                  "sapsubcategoryname": "ISB TINNED LOAF",
                  "dermatologisttested": null,
                  "wool_productpackaging": null,
                  "dermatologicallyapproved": null,
                  "specialsgroupid": null,
                  "productimages": "233160.jpg",
                  "productheightmm": null,
                  "r&r_hidereviews": null,
                  "microwavesafe": "False",
                  "paba-free": null,
                  "lifestyleclaim": null,
                  "alcoholfree": null,
                  "tgawarning": null,
                  "activeconstituents": null,
                  "microwaveable": "False",
                  "soap-free": null,
                  "countryoforigin": null,
                  "isexcludedfromsubstitution": "False",
                  "productimagecount": "1",
                  "r&r_loggedinreviews": null,
                  "anti-dandruff": null,
                  "servingsize-total-nip": null,
                  "tgahealthwarninglink": null,
                  "allergenmaybepresent": "EGG, MILK, PEANUTS, SOY, TREE NUTS, LUPIN.",
                  "PiesProductDepartmentNodeId": "1_9E92C35",
                  "parabenfree": "False",
                  "vendorarticleid": null,
                  "containsgluten": "False",
                  "containsnuts": "False",
                  "ingredients": "Wheat Flour (Vitamins (Thiamin, Folic Acid)), Wa ter, Yeast, Vegetable Oils (Palm, Canola), Iodised Salt, Topping (Plain or Sesame Seeds or Poppy See ds), Yellow Pea Flour, Wheat Gluten, Fermented Whe at Flour, Processing Aid (Wheat).",
                  "colour": null,
                  "manufacturer": null,
                  "sapcategoryno": "56",
                  "storageinstructions": null,
                  "tgawarnings": null,
                  "piesdepartmentnamesjson": "[\"Lunch Box\",\"Bakery\"]",
                  "brand": "woolworths",
                  "oilfree": null,
                  "fragrance": null,
                  "antibacterial": "False",
                  "non-comedogenic": null,
                  "antiseptic": "False",
                  "bpafree": "False",
                  "vendorcostprice": null,
                  "description": "<p> Woolworths Extra Soft White Loaf. </p>",
                  "sweatresistant": null,
                  "sapsubcategoryno": "975",
                  "antioxidant": "False",
                  "claims": null,
                  "phbalanced": null,
                  "wool_dietaryclaim": null,
                  "ophthalmologisttested": null,
                  "sulfatefree": "False",
                  "servingsperpack-total-nip": null,
                  "piescategorynamesjson": "[\"Lunch\",\"In-Store Bakery\"]",
                  "nutritionalinformation": "{\"Name\":\"Nutritional Information\",\"Attributes\":[{\"Id\":702,\"Name\":\"Calcium Quantity Per 100g - Total - NIP\",\"Value\":\"57mg\",\"Description\":\"Calcium Quantity Per 100g - Total - NIP\",\"SortOrder\":71},{\"Id\":705,\"Name\":\"Carbohydrate Quantity Per 100g - Total - NIP\",\"Value\":\"46.50g\",\"Description\":\"Carbohydrate Quantity Per 100g - Total - NIP\",\"SortOrder\":83},{\"Id\":706,\"Name\":\"Carbohydrate Quantity Per Serve - Total - NIP\",\"Value\":\"39.50g\",\"Description\":\"Carbohydrate Quantity Per Serve - Total - NIP\",\"SortOrder\":87},{\"Id\":191,\"Name\":\"Dietary Fibre Quantity Per 100g - Total - NIP\",\"Value\":\"2.20g\",\"Description\":\"Dietary Fibre Quantity Per 100g - Total - NIP\",\"SortOrder\":175},{\"Id\":120,\"Name\":\"Dietary Fibre Quantity Per Serve - Total - NIP\",\"Value\":\"1.90g\",\"Description\":\"Dietary Fibre Quantity Per Serve - Total - NIP\",\"SortOrder\":179},{\"Id\":759,\"Name\":\"Energy kJ Quantity Per 100g - Total - NIP\",\"Value\":\"1020.00kJ\",\"Description\":\"Energy kJ Quantity Per 100g - Total - NIP\",\"SortOrder\":239},{\"Id\":760,\"Name\":\"Energy kJ Quantity Per Serve - Total - NIP\",\"Value\":\"867.00kJ\",\"Description\":\"Energy kJ Quantity Per Serve - Total - NIP\",\"SortOrder\":243},{\"Id\":253,\"Name\":\"Fat Saturated Quantity Per 100g - Total - NIP\",\"Value\":\"0.80g\",\"Description\":\"Fat Saturated Quantity Per 100g - Total - NIP\",\"SortOrder\":251},{\"Id\":258,\"Name\":\"Fat Saturated Quantity Per Serve - Total - NIP\",\"Value\":\"0.70g\",\"Description\":\"Fat Saturated Quantity Per Serve - Total - NIP\",\"SortOrder\":255},{\"Id\":764,\"Name\":\"Fat Total Quantity Per 100g - Total - NIP\",\"Value\":\"2.20g\",\"Description\":\"Fat Total Quantity Per 100g - Total - NIP\",\"SortOrder\":263},{\"Id\":166,\"Name\":\"Fat Total Quantity Per 100g - ValueWord - NIP\",\"Value\":\"2.20\",\"Description\":\"Fat Total Quantity Per 100g - ValueWord - NIP\",\"SortOrder\":264},{\"Id\":264,\"Name\":\"Fat Total Quantity Per Serve - Total - NIP\",\"Value\":\"1.90g\",\"Description\":\"Fat Total Quantity Per Serve - Total - NIP\",\"SortOrder\":267},{\"Id\":402,\"Name\":\"Monounsaturated Quantity Per 100g - Total - NIP\",\"Value\":\"0.63g\",\"Description\":\"Monounsaturated Quantity Per 100g - Total - NIP\",\"SortOrder\":479},{\"Id\":434,\"Name\":\"Polyunsaturated Quantity Per 100g - Total - NIP\",\"Value\":\"0.66g\",\"Description\":\"Polyunsaturated Quantity Per 100g - Total - NIP\",\"SortOrder\":563},{\"Id\":443,\"Name\":\"Potassium Quantity Per 100g - Total - NIP\",\"Value\":\"120mg\",\"Description\":\"Potassium Quantity Per 100g - Total - NIP\",\"SortOrder\":575},{\"Id\":878,\"Name\":\"Protein Quantity Per 100g - Total - NIP\",\"Value\":\"7.70g\",\"Description\":\"Protein Quantity Per 100g - Total - NIP\",\"SortOrder\":587},{\"Id\":882,\"Name\":\"Protein Quantity Per Serve - Total - NIP\",\"Value\":\"6.60g\",\"Description\":\"Protein Quantity Per Serve - Total - NIP\",\"SortOrder\":591},{\"Id\":477,\"Name\":\"Serving Size - Total - NIP\",\"Value\":\"85g\",\"Description\":\"Serving Size - Total - NIP\",\"SortOrder\":607},{\"Id\":544,\"Name\":\"Servings Per Pack - Total - NIP\",\"Value\":\"9\",\"Description\":\"Servings Per Pack - Total - NIP\",\"SortOrder\":611},{\"Id\":491,\"Name\":\"Sodium Quantity Per 100g - Total - NIP\",\"Value\":\"345.00mg\",\"Description\":\"Sodium Quantity Per 100g - Total - NIP\",\"SortOrder\":623},{\"Id\":495,\"Name\":\"Sodium Quantity Per Serve - Total - NIP\",\"Value\":\"293.00mg\",\"Description\":\"Sodium Quantity Per Serve - Total - NIP\",\"SortOrder\":627},{\"Id\":907,\"Name\":\"Sugars Quantity Per 100g - Prefix - NIP\",\"Value\":null,\"Description\":\"Sugars Quantity Per 100g - Prefix - NIP\",\"SortOrder\":645},{\"Id\":908,\"Name\":\"Sugars Quantity Per 100g - SuffixUnits - NIP\",\"Value\":\"g\",\"Description\":\"Sugars Quantity Per 100g - SuffixUnits - NIP\",\"SortOrder\":646},{\"Id\":909,\"Name\":\"Sugars Quantity Per 100g - Total - NIP\",\"Value\":\"1.00g\",\"Description\":\"Sugars Quantity Per 100g - Total - NIP\",\"SortOrder\":647},{\"Id\":910,\"Name\":\"Sugars Quantity Per 100g - ValueWord - NIP\",\"Value\":\"1.00\",\"Description\":\"Sugars Quantity Per 100g - ValueWord - NIP\",\"SortOrder\":648},{\"Id\":504,\"Name\":\"Sugars Quantity Per Serve - Prefix - NIP\",\"Value\":null,\"Description\":\"Sugars Quantity Per Serve - Prefix - NIP\",\"SortOrder\":649},{\"Id\":911,\"Name\":\"Sugars Quantity Per Serve - SuffixUnits - NIP\",\"Value\":\"g\",\"Description\":\"Sugars Quantity Per Serve - SuffixUnits - NIP\",\"SortOrder\":650},{\"Id\":912,\"Name\":\"Sugars Quantity Per Serve - Total - NIP\",\"Value\":\"0.80g\",\"Description\":\"Sugars Quantity Per Serve - Total - NIP\",\"SortOrder\":651},{\"Id\":572,\"Name\":\"Sugars Quantity Per Serve - ValueWord - NIP\",\"Value\":\"0.80\",\"Description\":\"Sugars Quantity Per Serve - ValueWord - NIP\",\"SortOrder\":652},{\"Id\":593,\"Name\":\"Trans Quantity Per 100g - Total - NIP\",\"Value\":\"17.3mg\",\"Description\":\"Trans Quantity Per 100g - Total - NIP\",\"SortOrder\":667}]}",
                  "ovencook": "False",
                  "vegetarian": "False",
                  "hypo-allergenic": null,
                  "timer": null,
                  "dermatologistrecommended": null,
                  "sapdepartmentno": "45",
                  "allergencontains": "GLUTEN,WHEAT,SESAME.",
                  "waterresistant": null,
                  "friendlydisclaimer": null,
                  "recyclableinformation": null,
                  "usageinstructions": null,
                  "freezable": "False"
              },
              "DetailsImagePaths": [
                  "https://cdn0.woolworths.media/content/wowproductimages/large/233160.jpg"
              ],
              "Variety": "White Extra Soft Loaf",
              "Rating": {
                  "ReviewCount": 0,
                  "RatingCount": 0,
                  "RatingSum": 0,
                  "OneStarCount": 0,
                  "TwoStarCount": 0,
                  "ThreeStarCount": 0,
                  "FourStarCount": 0,
                  "FiveStarCount": 0,
                  "Average": 0,
                  "OneStarPercentage": 0,
                  "TwoStarPercentage": 0,
                  "ThreeStarPercentage": 0,
                  "FourStarPercentage": 0,
                  "FiveStarPercentage": 0
              },
              "HasProductSubs": false,
              "IsSponsoredAd": false,
              "AdID": null,
              "AdIndex": null,
              "IsMarketProduct": false,
              "IsGiftable": false,
              "Vendor": null,
              "Untraceable": false,
              "ThirdPartyProductInfo": null,
              "MarketFeatures": null,
              "MarketSpecifications": null,
              "SupplyLimitSource": "ProductLimit",
              "Tags": [
                  {
                      "Content": {
                          "Type": "Roundel",
                          "Position": "Top",
                          "Attributes": {
                              "ImagePath": "/content/promotiontags/roundel-member-price-200x200.png",
                              "FallbackText": "Member Price"
                          }
                      },
                      "TemplateId": null,
                      "Metadata": null
                  },
                  {
                      "Content": {
                          "Type": "PromotionInformation",
                          "Position": "Top",
                          "Attributes": {
                              "TagLink": "",
                              "Text": "Member Price 2 for $6.00 - $0.38/100G",
                              "Html": "<a class=\"member-pricing-link\" title=\"Member Price 2 for $6.00\" href=\"/Shop/OfferGroup/16502920\"><div class=\"member-price-first-line\"><span class=\"member-price-icon\"></span><span class=\"member-price-text\">Member Price</span> </div><span>2 for $6.00 - $0.38/100G</span><i aria-hidden=\"true\" class=\"iconAct-Chevron_Right\"></i></a>",
                              "IsRegisteredRewardCardPromotion": "True"
                          }
                      },
                      "TemplateId": null,
                      "Metadata": null
                  }
              ],
              "IsPersonalisedByPurchaseHistory": false,
              "IsFromFacetedSearch": false,
              "NextAvailabilityDate": "2024-02-22T00:00:00.0000000Z",
              "NumberOfSubstitutes": 0,
              "IsPrimaryVariant": false,
              "VariantGroupId": 0,
              "HasVariants": false,
              "VariantTitle": null,
              "IsTobacco": false
          }
      ],
      "Name": "Woolworths Bread White Extra Soft Loaf",
      "DisplayName": "Woolworths Bread White Extra Soft Loaf 800g"
  },
  {
      "Products": [
          {
              "TileID": 0,
              "Stockcode": 182138,
              "Barcode": "9310023145482",
              "GtinFormat": 13,
              "CupPrice": 0.69,
              "InstoreCupPrice": 0.98,
              "CupMeasure": "100G",
              "CupString": "$0.69 / 100G",
              "InstoreCupString": "$0.98 / 100G",
              "HasCupPrice": true,
              "InstoreHasCupPrice": true,
              "Price": 3.5,
              "InstorePrice": 3.5,
              "Name": "Helga's Traditional White Wraps",
              "DisplayName": "Helga's Traditional White Wraps 8 Pack",
              "UrlFriendlyName": "helga-s-traditional-white-wraps",
              "Description": " Helga's Traditional White<br>Wraps  8 Pack",
              "SmallImageFile": "https://cdn0.woolworths.media/content/wowproductimages/small/182138.jpg",
              "MediumImageFile": "https://cdn0.woolworths.media/content/wowproductimages/medium/182138.jpg",
              "LargeImageFile": "https://cdn0.woolworths.media/content/wowproductimages/large/182138.jpg",
              "IsNew": false,
              "IsHalfPrice": false,
              "IsOnlineOnly": false,
              "IsOnSpecial": true,
              "InstoreIsOnSpecial": false,
              "IsEdrSpecial": false,
              "SavingsAmount": 1.5,
              "InstoreSavingsAmount": 1.5,
              "WasPrice": 5,
              "InstoreWasPrice": 5,
              "QuantityInTrolley": 0,
              "Unit": "Each",
              "MinimumQuantity": 1,
              "HasBeenBoughtBefore": false,
              "IsInTrolley": false,
              "Source": "Aisle.Bakery",
              "SupplyLimit": 36,
              "ProductLimit": 36,
              "MaxSupplyLimitMessage": "36 item limit",
              "IsRanged": true,
              "IsInStock": true,
              "PackageSize": "8 Pack",
              "IsPmDelivery": false,
              "IsForCollection": true,
              "IsForDelivery": true,
              "IsForExpress": true,
              "ProductRestrictionMessage": null,
              "ProductWarningMessage": null,
              "CentreTag": {
                  "TagContent": null,
                  "TagLink": null,
                  "FallbackText": null,
                  "TagType": "None",
                  "MultibuyData": null,
                  "MemberPriceData": null,
                  "TagContentText": null,
                  "DualImageTagContent": null,
                  "PromotionType": "NOT_SET",
                  "IsRegisteredRewardCardPromotion": false
              },
              "IsCentreTag": false,
              "ImageTag": {
                  "TagContent": "/content/promotiontags/roundel-special-200x200.png",
                  "TagLink": "",
                  "FallbackText": "On Special",
                  "TagType": "None",
                  "MultibuyData": null,
                  "MemberPriceData": null,
                  "TagContentText": null,
                  "DualImageTagContent": null,
                  "PromotionType": "NOT_SET",
                  "IsRegisteredRewardCardPromotion": false
              },
              "HeaderTag": {
                  "BackgroundColor": "#fd0",
                  "BorderColor": "#fd0",
                  "TextColor": "#000",
                  "Content": "Save $1.50",
                  "TagLink": null,
                  "Promotion": "Special"
              },
              "HasHeaderTag": true,
              "UnitWeightInGrams": 0,
              "SupplyLimitMessage": "'Helga's Traditional White Wraps' has a supply limit of 36. The quantity in your cart has been reduced accordingly. To purchase a larger quantity, please contact us on 1800 000 610. Please note we do not supply trade orders.",
              "SmallFormatDescription": "Helga's Traditional White Wraps ",
              "FullDescription": "Helga's Traditional White Wraps ",
              "IsAvailable": true,
              "InstoreIsAvailable": false,
              "IsPurchasable": true,
              "InstoreIsPurchasable": false,
              "AgeRestricted": false,
              "DisplayQuantity": 1,
              "RichDescription": null,
              "HideWasSavedPrice": false,
              "SapCategories": null,
              "Brand": "Helga's",
              "IsRestrictedByDeliveryMethod": false,
              "FooterTag": {
                  "TagContent": null,
                  "TagLink": null,
                  "FallbackText": null,
                  "TagType": "None",
                  "MultibuyData": null,
                  "MemberPriceData": null,
                  "TagContentText": null,
                  "DualImageTagContent": null,
                  "PromotionType": "NOT_SET",
                  "IsRegisteredRewardCardPromotion": false
              },
              "IsFooterEnabled": false,
              "Diagnostics": "79",
              "IsBundle": false,
              "IsInFamily": false,
              "ChildProducts": null,
              "UrlOverride": null,
              "AdditionalAttributes": {
                  "boxedcontents": null,
                  "addedvitaminsandminerals": "False",
                  "sapdepartmentname": "PROPRIETARY BAKERY",
                  "spf": null,
                  "haircolour": null,
                  "lifestyleanddietarystatement": "Source of Protein",
                  "sapcategoryname": "PROPRIETARY BAKERY",
                  "skintype": null,
                  "importantinformation": null,
                  "allergystatement": "Egg Free",
                  "productdepthmm": null,
                  "skincondition": null,
                  "ophthalmologistapproved": null,
                  "healthstarrating": "3.5",
                  "hairtype": null,
                  "fragrance-free": null,
                  "sapsegmentname": "WRAPS",
                  "suitablefor": "Vegans",
                  "PiesProductDepartmentsjson": "[{\"Id\":\"1_DEB537E\",\"Description\":\"Bakery\"},{\"Id\":\"1_9E92C35\",\"Description\":\"Lunch Box\"}]",
                  "piessubcategorynamesjson": "[\"Wraps & Flatbread\",\"Bread & Wraps\"]",
                  "sapsegmentno": "1",
                  "productwidthmm": null,
                  "contains": null,
                  "sapsubcategoryname": "RESALE INTERNATIONAL BREAD",
                  "dermatologisttested": null,
                  "wool_productpackaging": null,
                  "dermatologicallyapproved": null,
                  "specialsgroupid": null,
                  "productimages": "182138.jpg,182138_2.jpg,182138_7.jpg,182138_9.jpg",
                  "productheightmm": null,
                  "r&r_hidereviews": null,
                  "microwavesafe": "False",
                  "paba-free": null,
                  "lifestyleclaim": "VEGAN",
                  "alcoholfree": null,
                  "tgawarning": null,
                  "activeconstituents": null,
                  "microwaveable": "False",
                  "soap-free": null,
                  "countryoforigin": null,
                  "isexcludedfromsubstitution": "False",
                  "productimagecount": "4",
                  "r&r_loggedinreviews": null,
                  "anti-dandruff": null,
                  "servingsize-total-nip": null,
                  "tgahealthwarninglink": null,
                  "allergenmaybepresent": null,
                  "PiesProductDepartmentNodeId": "1_DEB537E",
                  "parabenfree": "False",
                  "vendorarticleid": null,
                  "containsgluten": "False",
                  "containsnuts": "False",
                  "ingredients": "Wheat Flour, Water, Vegetable Oil, Wholemeal Wheat Flour, Vegetable Emulsifiers (471, 481), Humectant (422), Cultured Wheat Flour, Wheat Gluten, Raising Agents (341, 450, 500), Iodised Salt, Stabiliser (412), Acidity Regulator (297), Soy Flour, Vitamins (Thiamin, Folic Acid), Antioxidant (307b), Processing Aids (Wheat)",
                  "colour": null,
                  "manufacturer": null,
                  "sapcategoryno": "60",
                  "storageinstructions": "Store in a cool dry place, out of direct sunlight.",
                  "tgawarnings": null,
                  "piesdepartmentnamesjson": "[\"Bakery\",\"Lunch Box\"]",
                  "brand": "helga's",
                  "oilfree": null,
                  "fragrance": null,
                  "antibacterial": "False",
                  "non-comedogenic": null,
                  "antiseptic": "False",
                  "bpafree": "False",
                  "vendorcostprice": null,
                  "description": "It's not just bread. It's Helga's Helga’s Traditional White Wraps are vegan friendly, and are perfect for making burritos, quesadillas, toasted wraps and homemade pizzas. Take your lunch game to the next level with Helga's Traditional White Wraps. Super soft with no artificial colours, flavours or preservatives, these wraps will liven up your meals. You can even use them as a pizza base, simply cover with sauce, top with your favorite ingredients, add cheese and bake until golden brown. 25% less sodium. No artificial colours, flavours or preservatives and no added sugar. Yeast free and Dairy free. Bring your lunch game to the next level with Helga's Traditional White Wraps. These super soft wraps are great for toasted wraps, burritos and quesadillas.",
                  "sweatresistant": null,
                  "sapsubcategoryno": "810",
                  "antioxidant": "False",
                  "claims": null,
                  "phbalanced": null,
                  "wool_dietaryclaim": null,
                  "ophthalmologisttested": null,
                  "sulfatefree": "False",
                  "servingsperpack-total-nip": null,
                  "piescategorynamesjson": "[\"Packaged Bread & Bakery\",\"Lunch\"]",
                  "nutritionalinformation": "{\"Name\":\"Nutritional Information\",\"Attributes\":[{\"Id\":705,\"Name\":\"Carbohydrate Quantity Per 100g - Total - NIP\",\"Value\":\"48.00g\",\"Description\":\"Carbohydrate Quantity Per 100g - Total - NIP\",\"SortOrder\":83},{\"Id\":706,\"Name\":\"Carbohydrate Quantity Per Serve - Total - NIP\",\"Value\":\"30.50g\",\"Description\":\"Carbohydrate Quantity Per Serve - Total - NIP\",\"SortOrder\":87},{\"Id\":191,\"Name\":\"Dietary Fibre Quantity Per 100g - Total - NIP\",\"Value\":\"3.90g\",\"Description\":\"Dietary Fibre Quantity Per 100g - Total - NIP\",\"SortOrder\":175},{\"Id\":120,\"Name\":\"Dietary Fibre Quantity Per Serve - Total - NIP\",\"Value\":\"2.50g\",\"Description\":\"Dietary Fibre Quantity Per Serve - Total - NIP\",\"SortOrder\":179},{\"Id\":759,\"Name\":\"Energy kJ Quantity Per 100g - Total - NIP\",\"Value\":\"1260.00kJ\",\"Description\":\"Energy kJ Quantity Per 100g - Total - NIP\",\"SortOrder\":239},{\"Id\":760,\"Name\":\"Energy kJ Quantity Per Serve - Total - NIP\",\"Value\":\"800.00kJ\",\"Description\":\"Energy kJ Quantity Per Serve - Total - NIP\",\"SortOrder\":243},{\"Id\":253,\"Name\":\"Fat Saturated Quantity Per 100g - Total - NIP\",\"Value\":\"4.00g\",\"Description\":\"Fat Saturated Quantity Per 100g - Total - NIP\",\"SortOrder\":251},{\"Id\":258,\"Name\":\"Fat Saturated Quantity Per Serve - Total - NIP\",\"Value\":\"2.50g\",\"Description\":\"Fat Saturated Quantity Per Serve - Total - NIP\",\"SortOrder\":255},{\"Id\":764,\"Name\":\"Fat Total Quantity Per 100g - Total - NIP\",\"Value\":\"7.50g\",\"Description\":\"Fat Total Quantity Per 100g - Total - NIP\",\"SortOrder\":263},{\"Id\":166,\"Name\":\"Fat Total Quantity Per 100g - ValueWord - NIP\",\"Value\":\"7.50\",\"Description\":\"Fat Total Quantity Per 100g - ValueWord - NIP\",\"SortOrder\":264},{\"Id\":264,\"Name\":\"Fat Total Quantity Per Serve - Total - NIP\",\"Value\":\"4.80g\",\"Description\":\"Fat Total Quantity Per Serve - Total - NIP\",\"SortOrder\":267},{\"Id\":443,\"Name\":\"Potassium Quantity Per 100g - Total - NIP\",\"Value\":\"125.00mg\",\"Description\":\"Potassium Quantity Per 100g - Total - NIP\",\"SortOrder\":575},{\"Id\":493,\"Name\":\"Potassium Quantity Per Serve - Total - NIP\",\"Value\":\"80.00mg\",\"Description\":\"Potassium Quantity Per Serve - Total - NIP\",\"SortOrder\":579},{\"Id\":878,\"Name\":\"Protein Quantity Per 100g - Total - NIP\",\"Value\":\"8.00g\",\"Description\":\"Protein Quantity Per 100g - Total - NIP\",\"SortOrder\":587},{\"Id\":882,\"Name\":\"Protein Quantity Per Serve - Total - NIP\",\"Value\":\"5.10g\",\"Description\":\"Protein Quantity Per Serve - Total - NIP\",\"SortOrder\":591},{\"Id\":477,\"Name\":\"Serving Size - Total - NIP\",\"Value\":\"63.50g\",\"Description\":\"Serving Size - Total - NIP\",\"SortOrder\":607},{\"Id\":544,\"Name\":\"Servings Per Pack - Total - NIP\",\"Value\":\"8.00\",\"Description\":\"Servings Per Pack - Total - NIP\",\"SortOrder\":611},{\"Id\":491,\"Name\":\"Sodium Quantity Per 100g - Total - NIP\",\"Value\":\"325.00mg\",\"Description\":\"Sodium Quantity Per 100g - Total - NIP\",\"SortOrder\":623},{\"Id\":495,\"Name\":\"Sodium Quantity Per Serve - Total - NIP\",\"Value\":\"207.00mg\",\"Description\":\"Sodium Quantity Per Serve - Total - NIP\",\"SortOrder\":627},{\"Id\":908,\"Name\":\"Sugars Quantity Per 100g - SuffixUnits - NIP\",\"Value\":\"g\",\"Description\":\"Sugars Quantity Per 100g - SuffixUnits - NIP\",\"SortOrder\":646},{\"Id\":909,\"Name\":\"Sugars Quantity Per 100g - Total - NIP\",\"Value\":\"3.80g\",\"Description\":\"Sugars Quantity Per 100g - Total - NIP\",\"SortOrder\":647},{\"Id\":910,\"Name\":\"Sugars Quantity Per 100g - ValueWord - NIP\",\"Value\":\"3.80\",\"Description\":\"Sugars Quantity Per 100g - ValueWord - NIP\",\"SortOrder\":648},{\"Id\":911,\"Name\":\"Sugars Quantity Per Serve - SuffixUnits - NIP\",\"Value\":\"g\",\"Description\":\"Sugars Quantity Per Serve - SuffixUnits - NIP\",\"SortOrder\":650},{\"Id\":912,\"Name\":\"Sugars Quantity Per Serve - Total - NIP\",\"Value\":\"2.40g\",\"Description\":\"Sugars Quantity Per Serve - Total - NIP\",\"SortOrder\":651},{\"Id\":572,\"Name\":\"Sugars Quantity Per Serve - ValueWord - NIP\",\"Value\":\"2.40\",\"Description\":\"Sugars Quantity Per Serve - ValueWord - NIP\",\"SortOrder\":652}]}",
                  "ovencook": "False",
                  "vegetarian": "False",
                  "hypo-allergenic": null,
                  "timer": null,
                  "dermatologistrecommended": null,
                  "sapdepartmentno": "47",
                  "allergencontains": "<p>Soy, Wheat, Gluten Containing Cereals.</p>",
                  "waterresistant": null,
                  "friendlydisclaimer": null,
                  "recyclableinformation": null,
                  "usageinstructions": null,
                  "freezable": "False"
              },
              "DetailsImagePaths": [
                  "https://cdn0.woolworths.media/content/wowproductimages/large/182138.jpg"
              ],
              "Variety": null,
              "Rating": {
                  "ReviewCount": 0,
                  "RatingCount": 0,
                  "RatingSum": 0,
                  "OneStarCount": 0,
                  "TwoStarCount": 0,
                  "ThreeStarCount": 0,
                  "FourStarCount": 0,
                  "FiveStarCount": 0,
                  "Average": 0,
                  "OneStarPercentage": 0,
                  "TwoStarPercentage": 0,
                  "ThreeStarPercentage": 0,
                  "FourStarPercentage": 0,
                  "FiveStarPercentage": 0
              },
              "HasProductSubs": false,
              "IsSponsoredAd": false,
              "AdID": null,
              "AdIndex": null,
              "IsMarketProduct": false,
              "IsGiftable": false,
              "Vendor": null,
              "Untraceable": false,
              "ThirdPartyProductInfo": null,
              "MarketFeatures": null,
              "MarketSpecifications": null,
              "SupplyLimitSource": "ProductLimit",
              "Tags": [
                  {
                      "Content": {
                          "Type": "Label",
                          "Position": "Top",
                          "Attributes": {
                              "Text": "Save $1.50",
                              "Promotion": "Special",
                              "BackgroundColor": "#fd0",
                              "BorderColor": "#fd0",
                              "TextColor": "#000"
                          }
                      },
                      "TemplateId": null,
                      "Metadata": null
                  },
                  {
                      "Content": {
                          "Type": "Roundel",
                          "Position": "Top",
                          "Attributes": {
                              "ImagePath": "/content/promotiontags/roundel-special-200x200.png",
                              "FallbackText": "On Special"
                          }
                      },
                      "TemplateId": null,
                      "Metadata": null
                  }
              ],
              "IsPersonalisedByPurchaseHistory": false,
              "IsFromFacetedSearch": false,
              "NextAvailabilityDate": "2024-02-22T00:00:00.0000000Z",
              "NumberOfSubstitutes": 0,
              "IsPrimaryVariant": false,
              "VariantGroupId": 0,
              "HasVariants": false,
              "VariantTitle": null,
              "IsTobacco": false
          }
      ],
      "Name": "Helga's Traditional White Wraps",
      "DisplayName": "Helga's Traditional White Wraps 8 Pack"
  },
  {
      "Products": [
          {
              "TileID": 0,
              "Stockcode": 883002,
              "Barcode": "9300633522063",
              "GtinFormat": 13,
              "CupPrice": 1.47,
              "InstoreCupPrice": 1.47,
              "CupMeasure": "100G",
              "CupString": "$1.47 / 100G",
              "InstoreCupString": "$1.47 / 100G",
              "HasCupPrice": true,
              "InstoreHasCupPrice": true,
              "Price": 4.7,
              "InstorePrice": 4.7,
              "Name": "Woolworths Mini Blueberry Muffins",
              "DisplayName": "Woolworths Mini Blueberry Muffins 8 Pack",
              "UrlFriendlyName": "woolworths-mini-blueberry-muffins",
              "Description": " Woolworths Mini Blueberry<br>Muffins  8 Pack",
              "SmallImageFile": "https://cdn0.woolworths.media/content/wowproductimages/small/883002.jpg",
              "MediumImageFile": "https://cdn0.woolworths.media/content/wowproductimages/medium/883002.jpg",
              "LargeImageFile": "https://cdn0.woolworths.media/content/wowproductimages/large/883002.jpg",
              "IsNew": false,
              "IsHalfPrice": false,
              "IsOnlineOnly": false,
              "IsOnSpecial": false,
              "InstoreIsOnSpecial": false,
              "IsEdrSpecial": false,
              "SavingsAmount": 0,
              "InstoreSavingsAmount": 0,
              "WasPrice": 4.7,
              "InstoreWasPrice": 4.7,
              "QuantityInTrolley": 0,
              "Unit": "Each",
              "MinimumQuantity": 1,
              "HasBeenBoughtBefore": false,
              "IsInTrolley": false,
              "Source": "Aisle.Bakery",
              "SupplyLimit": 23,
              "ProductLimit": 36,
              "MaxSupplyLimitMessage": "23 item(s) left",
              "IsRanged": true,
              "IsInStock": true,
              "PackageSize": "8 Pack",
              "IsPmDelivery": true,
              "IsForCollection": true,
              "IsForDelivery": true,
              "IsForExpress": true,
              "ProductRestrictionMessage": null,
              "ProductWarningMessage": null,
              "CentreTag": {
                  "TagContent": null,
                  "TagLink": null,
                  "FallbackText": null,
                  "TagType": "None",
                  "MultibuyData": null,
                  "MemberPriceData": null,
                  "TagContentText": null,
                  "DualImageTagContent": null,
                  "PromotionType": "NOT_SET",
                  "IsRegisteredRewardCardPromotion": false
              },
              "IsCentreTag": false,
              "ImageTag": {
                  "TagContent": null,
                  "TagLink": null,
                  "FallbackText": "",
                  "TagType": "None",
                  "MultibuyData": null,
                  "MemberPriceData": null,
                  "TagContentText": null,
                  "DualImageTagContent": null,
                  "PromotionType": "NOT_SET",
                  "IsRegisteredRewardCardPromotion": false
              },
              "HeaderTag": {
                  "BackgroundColor": "#c20016",
                  "BorderColor": "#c20016",
                  "TextColor": "#fff",
                  "Content": "LOW PRICE",
                  "TagLink": null,
                  "Promotion": "LowPrice"
              },
              "HasHeaderTag": true,
              "UnitWeightInGrams": 0,
              "SupplyLimitMessage": "'Woolworths Mini Blueberry Muffins' has a supply limit of 23. The quantity in your cart has been reduced accordingly. To purchase a larger quantity, please contact us on 1800 000 610. Please note we do not supply trade orders.",
              "SmallFormatDescription": "Woolworths Mini Blueberry Muffins ",
              "FullDescription": "Woolworths Mini Blueberry Muffins ",
              "IsAvailable": true,
              "InstoreIsAvailable": true,
              "IsPurchasable": true,
              "InstoreIsPurchasable": true,
              "AgeRestricted": false,
              "DisplayQuantity": 1,
              "RichDescription": null,
              "HideWasSavedPrice": false,
              "SapCategories": null,
              "Brand": "Woolworths",
              "IsRestrictedByDeliveryMethod": false,
              "FooterTag": {
                  "TagContent": "Lower Price Always",
                  "TagLink": null,
                  "FallbackText": null,
                  "TagType": "Html",
                  "MultibuyData": null,
                  "MemberPriceData": null,
                  "TagContentText": null,
                  "DualImageTagContent": null,
                  "PromotionType": "NOT_SET",
                  "IsRegisteredRewardCardPromotion": false
              },
              "IsFooterEnabled": true,
              "Diagnostics": "80",
              "IsBundle": false,
              "IsInFamily": false,
              "ChildProducts": null,
              "UrlOverride": null,
              "AdditionalAttributes": {
                  "boxedcontents": null,
                  "addedvitaminsandminerals": "False",
                  "sapdepartmentname": "BAKEHOUSE",
                  "spf": null,
                  "haircolour": null,
                  "lifestyleanddietarystatement": "Vegetarian",
                  "sapcategoryname": "INSTORE BAKERY",
                  "skintype": null,
                  "importantinformation": null,
                  "allergystatement": "No Artificial Colours or Flavours",
                  "productdepthmm": null,
                  "skincondition": null,
                  "ophthalmologistapproved": null,
                  "healthstarrating": "2.5",
                  "hairtype": null,
                  "fragrance-free": null,
                  "sapsegmentname": "MUFFINS",
                  "suitablefor": "Vegetarian",
                  "PiesProductDepartmentsjson": "[{\"Id\":\"1_39FD49C\",\"Description\":\"Pantry\"},{\"Id\":\"1_717445A\",\"Description\":\"Snacks & Confectionery\"},{\"Id\":\"1_DEB537E\",\"Description\":\"Bakery\"},{\"Id\":\"1_9E92C35\",\"Description\":\"Lunch Box\"}]",
                  "piessubcategorynamesjson": "[\"Lunch Box Snacks\",\"Muffins, Scones & Cupcakes\",\"Bakery Snacks\"]",
                  "sapsegmentno": "2",
                  "productwidthmm": null,
                  "contains": null,
                  "sapsubcategoryname": "RESALE CAKE INSTORE",
                  "dermatologisttested": null,
                  "wool_productpackaging": null,
                  "dermatologicallyapproved": null,
                  "specialsgroupid": null,
                  "productimages": "883002.jpg,883002_2.jpg,883002_3.jpg,883002_6.jpg,883002_7.jpg",
                  "productheightmm": null,
                  "r&r_hidereviews": null,
                  "microwavesafe": "False",
                  "paba-free": null,
                  "lifestyleclaim": "Vegetarian",
                  "alcoholfree": null,
                  "tgawarning": null,
                  "activeconstituents": null,
                  "microwaveable": "False",
                  "soap-free": null,
                  "countryoforigin": null,
                  "isexcludedfromsubstitution": "False",
                  "productimagecount": "5",
                  "r&r_loggedinreviews": null,
                  "anti-dandruff": null,
                  "servingsize-total-nip": null,
                  "tgahealthwarninglink": null,
                  "allergenmaybepresent": "Peanuts, Tree Nuts, Soy, Sesame, Pecan, Brazil Nut, Walnut, Almond, Macadamia, HazelNut, Pistachio",
                  "PiesProductDepartmentNodeId": "1_39FD49C",
                  "parabenfree": "False",
                  "vendorarticleid": null,
                  "containsgluten": "False",
                  "containsnuts": "False",
                  "ingredients": "Wheat Flour, Water, Sugar, Blueberries (13%), Canola Oil, Dextrose, Egg Powder, Whey Powder (Milk), Raising Agents (450, 501), Thickeners (1422, 415), Salt, Natural Flavour, Preservative (202).",
                  "colour": null,
                  "manufacturer": null,
                  "sapcategoryno": "56",
                  "storageinstructions": "This product has been frozen from fresh and thawed for your convenience.;Store in a cool, dry place.",
                  "tgawarnings": null,
                  "piesdepartmentnamesjson": "[\"Pantry\",\"Snacks & Confectionery\",\"Bakery\",\"Lunch Box\"]",
                  "brand": "woolworths",
                  "oilfree": null,
                  "fragrance": null,
                  "antibacterial": "False",
                  "non-comedogenic": null,
                  "antiseptic": "False",
                  "bpafree": "False",
                  "vendorcostprice": null,
                  "description": "Our Blueberry Mini Muffins may be mini in size, but they're seriously big on flavour. These soft and moist vanilla muffins are bursting with real blueberries for a fruity zing.\n<br/><br/>\nWoolworths Bakery Mini Blueberry Muffins are the perfect snack-sized treat to tuck into at any time of the day. Pop them in your picnic hamper, take them with you to the office, or enjoy with a cuppa at the end of the day.",
                  "sweatresistant": null,
                  "sapsubcategoryno": "988",
                  "antioxidant": "False",
                  "claims": null,
                  "phbalanced": null,
                  "wool_dietaryclaim": null,
                  "ophthalmologisttested": null,
                  "sulfatefree": "False",
                  "servingsperpack-total-nip": null,
                  "piescategorynamesjson": "[\"Snacks\",\"Packaged Bread & Bakery\",\"Snacks\"]",
                  "nutritionalinformation": "{\"Name\":\"Nutritional Information\",\"Attributes\":[{\"Id\":702,\"Name\":\"Calcium Quantity Per 100g - Total - NIP\",\"Value\":\"41mg\",\"Description\":\"Calcium Quantity Per 100g - Total - NIP\",\"SortOrder\":71},{\"Id\":47,\"Name\":\"Calcium Quantity Per Serve - Total - NIP\",\"Value\":\"16.34mg\",\"Description\":\"Calcium Quantity Per Serve - Total - NIP\",\"SortOrder\":75},{\"Id\":705,\"Name\":\"Carbohydrate Quantity Per 100g - Total - NIP\",\"Value\":\"43.30g\",\"Description\":\"Carbohydrate Quantity Per 100g - Total - NIP\",\"SortOrder\":83},{\"Id\":706,\"Name\":\"Carbohydrate Quantity Per Serve - Total - NIP\",\"Value\":\"17.30g\",\"Description\":\"Carbohydrate Quantity Per Serve - Total - NIP\",\"SortOrder\":87},{\"Id\":714,\"Name\":\"Cholesterol Quantity Per 100g - Total - NIP\",\"Value\":\"87mg\",\"Description\":\"Cholesterol Quantity Per 100g - Total - NIP\",\"SortOrder\":111},{\"Id\":125,\"Name\":\"Cholesterol Quantity Per Serve - Total - NIP\",\"Value\":\"34.67mg\",\"Description\":\"Cholesterol Quantity Per Serve - Total - NIP\",\"SortOrder\":115},{\"Id\":191,\"Name\":\"Dietary Fibre Quantity Per 100g - Total - NIP\",\"Value\":\"1.90g\",\"Description\":\"Dietary Fibre Quantity Per 100g - Total - NIP\",\"SortOrder\":175},{\"Id\":120,\"Name\":\"Dietary Fibre Quantity Per Serve - Total - NIP\",\"Value\":\"<0.80g\",\"Description\":\"Dietary Fibre Quantity Per Serve - Total - NIP\",\"SortOrder\":179},{\"Id\":759,\"Name\":\"Energy kJ Quantity Per 100g - Total - NIP\",\"Value\":\"1410.00kJ\",\"Description\":\"Energy kJ Quantity Per 100g - Total - NIP\",\"SortOrder\":239},{\"Id\":760,\"Name\":\"Energy kJ Quantity Per Serve - Total - NIP\",\"Value\":\"564.00kJ\",\"Description\":\"Energy kJ Quantity Per Serve - Total - NIP\",\"SortOrder\":243},{\"Id\":253,\"Name\":\"Fat Saturated Quantity Per 100g - Total - NIP\",\"Value\":\"1.30g\",\"Description\":\"Fat Saturated Quantity Per 100g - Total - NIP\",\"SortOrder\":251},{\"Id\":258,\"Name\":\"Fat Saturated Quantity Per Serve - Total - NIP\",\"Value\":\"0.50g\",\"Description\":\"Fat Saturated Quantity Per Serve - Total - NIP\",\"SortOrder\":255},{\"Id\":764,\"Name\":\"Fat Total Quantity Per 100g - Total - NIP\",\"Value\":\"15.50g\",\"Description\":\"Fat Total Quantity Per 100g - Total - NIP\",\"SortOrder\":263},{\"Id\":166,\"Name\":\"Fat Total Quantity Per 100g - ValueWord - NIP\",\"Value\":\"15.50\",\"Description\":\"Fat Total Quantity Per 100g - ValueWord - NIP\",\"SortOrder\":264},{\"Id\":264,\"Name\":\"Fat Total Quantity Per Serve - Total - NIP\",\"Value\":\"6.20g\",\"Description\":\"Fat Total Quantity Per Serve - Total - NIP\",\"SortOrder\":267},{\"Id\":402,\"Name\":\"Monounsaturated Quantity Per 100g - Total - NIP\",\"Value\":\"5.5g\",\"Description\":\"Monounsaturated Quantity Per 100g - Total - NIP\",\"SortOrder\":479},{\"Id\":834,\"Name\":\"Monounsaturated Quantity Per Serve - Total - NIP\",\"Value\":\"2.19g\",\"Description\":\"Monounsaturated Quantity Per Serve - Total - NIP\",\"SortOrder\":483},{\"Id\":434,\"Name\":\"Polyunsaturated Quantity Per 100g - Total - NIP\",\"Value\":\"1.11g\",\"Description\":\"Polyunsaturated Quantity Per 100g - Total - NIP\",\"SortOrder\":563},{\"Id\":435,\"Name\":\"Polyunsaturated Quantity Per Serve - Total - NIP\",\"Value\":\"0.44g\",\"Description\":\"Polyunsaturated Quantity Per Serve - Total - NIP\",\"SortOrder\":567},{\"Id\":443,\"Name\":\"Potassium Quantity Per 100g - Total - NIP\",\"Value\":\"151mg\",\"Description\":\"Potassium Quantity Per 100g - Total - NIP\",\"SortOrder\":575},{\"Id\":493,\"Name\":\"Potassium Quantity Per Serve - Total - NIP\",\"Value\":\"60.18mg\",\"Description\":\"Potassium Quantity Per Serve - Total - NIP\",\"SortOrder\":579},{\"Id\":878,\"Name\":\"Protein Quantity Per 100g - Total - NIP\",\"Value\":\"4.80g\",\"Description\":\"Protein Quantity Per 100g - Total - NIP\",\"SortOrder\":587},{\"Id\":882,\"Name\":\"Protein Quantity Per Serve - Total - NIP\",\"Value\":\"1.90g\",\"Description\":\"Protein Quantity Per Serve - Total - NIP\",\"SortOrder\":591},{\"Id\":477,\"Name\":\"Serving Size - Total - NIP\",\"Value\":\"40.00g\",\"Description\":\"Serving Size - Total - NIP\",\"SortOrder\":607},{\"Id\":544,\"Name\":\"Servings Per Pack - Total - NIP\",\"Value\":\"8.00\",\"Description\":\"Servings Per Pack - Total - NIP\",\"SortOrder\":611},{\"Id\":491,\"Name\":\"Sodium Quantity Per 100g - Total - NIP\",\"Value\":\"306.00mg\",\"Description\":\"Sodium Quantity Per 100g - Total - NIP\",\"SortOrder\":623},{\"Id\":495,\"Name\":\"Sodium Quantity Per Serve - Total - NIP\",\"Value\":\"122.00mg\",\"Description\":\"Sodium Quantity Per Serve - Total - NIP\",\"SortOrder\":627},{\"Id\":907,\"Name\":\"Sugars Quantity Per 100g - Prefix - NIP\",\"Value\":\"Approx.\",\"Description\":\"Sugars Quantity Per 100g - Prefix - NIP\",\"SortOrder\":645},{\"Id\":908,\"Name\":\"Sugars Quantity Per 100g - SuffixUnits - NIP\",\"Value\":\"g\",\"Description\":\"Sugars Quantity Per 100g - SuffixUnits - NIP\",\"SortOrder\":646},{\"Id\":909,\"Name\":\"Sugars Quantity Per 100g - Total - NIP\",\"Value\":\"19.00g\",\"Description\":\"Sugars Quantity Per 100g - Total - NIP\",\"SortOrder\":647},{\"Id\":910,\"Name\":\"Sugars Quantity Per 100g - ValueWord - NIP\",\"Value\":\"19.00\",\"Description\":\"Sugars Quantity Per 100g - ValueWord - NIP\",\"SortOrder\":648},{\"Id\":504,\"Name\":\"Sugars Quantity Per Serve - Prefix - NIP\",\"Value\":\"Approx.\",\"Description\":\"Sugars Quantity Per Serve - Prefix - NIP\",\"SortOrder\":649},{\"Id\":911,\"Name\":\"Sugars Quantity Per Serve - SuffixUnits - NIP\",\"Value\":\"g\",\"Description\":\"Sugars Quantity Per Serve - SuffixUnits - NIP\",\"SortOrder\":650},{\"Id\":912,\"Name\":\"Sugars Quantity Per Serve - Total - NIP\",\"Value\":\"7.60g\",\"Description\":\"Sugars Quantity Per Serve - Total - NIP\",\"SortOrder\":651},{\"Id\":572,\"Name\":\"Sugars Quantity Per Serve - ValueWord - NIP\",\"Value\":\"7.60\",\"Description\":\"Sugars Quantity Per Serve - ValueWord - NIP\",\"SortOrder\":652},{\"Id\":593,\"Name\":\"Trans Quantity Per 100g - Total - NIP\",\"Value\":null,\"Description\":\"Trans Quantity Per 100g - Total - NIP\",\"SortOrder\":667},{\"Id\":510,\"Name\":\"Trans Quantity Per Serve - Total - NIP\",\"Value\":\"<0.1g\",\"Description\":\"Trans Quantity Per Serve - Total - NIP\",\"SortOrder\":671}]}",
                  "ovencook": "False",
                  "vegetarian": "False",
                  "hypo-allergenic": null,
                  "timer": null,
                  "dermatologistrecommended": null,
                  "sapdepartmentno": "45",
                  "allergencontains": "Egg, Milk, Gluten, Wheat",
                  "waterresistant": null,
                  "friendlydisclaimer": null,
                  "recyclableinformation": null,
                  "usageinstructions": null,
                  "freezable": "False"
              },
              "DetailsImagePaths": [
                  "https://cdn0.woolworths.media/content/wowproductimages/large/883002.jpg"
              ],
              "Variety": null,
              "Rating": {
                  "ReviewCount": 0,
                  "RatingCount": 0,
                  "RatingSum": 0,
                  "OneStarCount": 0,
                  "TwoStarCount": 0,
                  "ThreeStarCount": 0,
                  "FourStarCount": 0,
                  "FiveStarCount": 0,
                  "Average": 0,
                  "OneStarPercentage": 0,
                  "TwoStarPercentage": 0,
                  "ThreeStarPercentage": 0,
                  "FourStarPercentage": 0,
                  "FiveStarPercentage": 0
              },
              "HasProductSubs": false,
              "IsSponsoredAd": false,
              "AdID": null,
              "AdIndex": null,
              "IsMarketProduct": false,
              "IsGiftable": false,
              "Vendor": null,
              "Untraceable": false,
              "ThirdPartyProductInfo": null,
              "MarketFeatures": null,
              "MarketSpecifications": null,
              "SupplyLimitSource": "StockQuantity",
              "Tags": [
                  {
                      "Content": {
                          "Type": "Label",
                          "Position": "Top",
                          "Attributes": {
                              "Text": "LOW PRICE",
                              "Promotion": "LowPrice",
                              "BackgroundColor": "#c20016",
                              "BorderColor": "#c20016",
                              "TextColor": "#fff"
                          }
                      },
                      "TemplateId": null,
                      "Metadata": null
                  }
              ],
              "IsPersonalisedByPurchaseHistory": false,
              "IsFromFacetedSearch": false,
              "NextAvailabilityDate": "2024-02-22T00:00:00.0000000Z",
              "NumberOfSubstitutes": 0,
              "IsPrimaryVariant": false,
              "VariantGroupId": 0,
              "HasVariants": false,
              "VariantTitle": null,
              "IsTobacco": false
          }
      ],
      "Name": "Woolworths Mini Blueberry Muffins",
      "DisplayName": "Woolworths Mini Blueberry Muffins 8 Pack"
  },
  {
      "Products": [
          {
              "TileID": 0,
              "Stockcode": 224739,
              "Barcode": "9300633906726",
              "GtinFormat": 13,
              "CupPrice": 0.33,
              "InstoreCupPrice": 0.33,
              "CupMeasure": "1EA",
              "CupString": "$0.33 / 1EA",
              "InstoreCupString": "$0.33 / 1EA",
              "HasCupPrice": true,
              "InstoreHasCupPrice": true,
              "Price": 2,
              "InstorePrice": 2,
              "Name": "Woolworths Crumpets",
              "DisplayName": "Woolworths Crumpets 6 Pack",
              "UrlFriendlyName": "woolworths-crumpets",
              "Description": " Woolworths Crumpets  6 Pack",
              "SmallImageFile": "https://cdn0.woolworths.media/content/wowproductimages/small/224739.jpg",
              "MediumImageFile": "https://cdn0.woolworths.media/content/wowproductimages/medium/224739.jpg",
              "LargeImageFile": "https://cdn0.woolworths.media/content/wowproductimages/large/224739.jpg",
              "IsNew": false,
              "IsHalfPrice": false,
              "IsOnlineOnly": false,
              "IsOnSpecial": false,
              "InstoreIsOnSpecial": false,
              "IsEdrSpecial": false,
              "SavingsAmount": 0,
              "InstoreSavingsAmount": 0,
              "WasPrice": 2,
              "InstoreWasPrice": 2,
              "QuantityInTrolley": 0,
              "Unit": "Each",
              "MinimumQuantity": 1,
              "HasBeenBoughtBefore": false,
              "IsInTrolley": false,
              "Source": "Aisle.Bakery",
              "SupplyLimit": 36,
              "ProductLimit": 36,
              "MaxSupplyLimitMessage": "36 item limit",
              "IsRanged": true,
              "IsInStock": true,
              "PackageSize": "6 Pack",
              "IsPmDelivery": false,
              "IsForCollection": true,
              "IsForDelivery": true,
              "IsForExpress": true,
              "ProductRestrictionMessage": null,
              "ProductWarningMessage": null,
              "CentreTag": {
                  "TagContent": null,
                  "TagLink": null,
                  "FallbackText": null,
                  "TagType": "None",
                  "MultibuyData": null,
                  "MemberPriceData": null,
                  "TagContentText": null,
                  "DualImageTagContent": null,
                  "PromotionType": "NOT_SET",
                  "IsRegisteredRewardCardPromotion": false
              },
              "IsCentreTag": false,
              "ImageTag": {
                  "TagContent": null,
                  "TagLink": null,
                  "FallbackText": "",
                  "TagType": "None",
                  "MultibuyData": null,
                  "MemberPriceData": null,
                  "TagContentText": null,
                  "DualImageTagContent": null,
                  "PromotionType": "NOT_SET",
                  "IsRegisteredRewardCardPromotion": false
              },
              "HeaderTag": {
                  "BackgroundColor": "#c20016",
                  "BorderColor": "#c20016",
                  "TextColor": "#fff",
                  "Content": "LOW PRICE",
                  "TagLink": null,
                  "Promotion": "LowPrice"
              },
              "HasHeaderTag": true,
              "UnitWeightInGrams": 0,
              "SupplyLimitMessage": "'Woolworths Crumpets' has a supply limit of 36. The quantity in your cart has been reduced accordingly. To purchase a larger quantity, please contact us on 1800 000 610. Please note we do not supply trade orders.",
              "SmallFormatDescription": "Woolworths Crumpets ",
              "FullDescription": "Woolworths Crumpets ",
              "IsAvailable": true,
              "InstoreIsAvailable": false,
              "IsPurchasable": true,
              "InstoreIsPurchasable": false,
              "AgeRestricted": false,
              "DisplayQuantity": 1,
              "RichDescription": null,
              "HideWasSavedPrice": false,
              "SapCategories": null,
              "Brand": "Woolworths",
              "IsRestrictedByDeliveryMethod": false,
              "FooterTag": {
                  "TagContent": "Lower Price Always",
                  "TagLink": null,
                  "FallbackText": null,
                  "TagType": "Html",
                  "MultibuyData": null,
                  "MemberPriceData": null,
                  "TagContentText": null,
                  "DualImageTagContent": null,
                  "PromotionType": "NOT_SET",
                  "IsRegisteredRewardCardPromotion": false
              },
              "IsFooterEnabled": true,
              "Diagnostics": "81",
              "IsBundle": false,
              "IsInFamily": false,
              "ChildProducts": null,
              "UrlOverride": null,
              "AdditionalAttributes": {
                  "boxedcontents": null,
                  "addedvitaminsandminerals": "False",
                  "sapdepartmentname": "PROPRIETARY BAKERY",
                  "spf": null,
                  "haircolour": null,
                  "lifestyleanddietarystatement": "Low Fat",
                  "sapcategoryname": "PROPRIETARY BAKERY",
                  "skintype": null,
                  "importantinformation": null,
                  "allergystatement": "No Artificial Colours or Flavours",
                  "productdepthmm": null,
                  "skincondition": null,
                  "ophthalmologistapproved": null,
                  "healthstarrating": "3",
                  "hairtype": null,
                  "fragrance-free": null,
                  "sapsegmentname": "CRUMPETS",
                  "suitablefor": "Vegetarian",
                  "PiesProductDepartmentsjson": "[{\"Id\":\"1_DEB537E\",\"Description\":\"Bakery\"}]",
                  "piessubcategorynamesjson": "[\"Crumpets & Pancakes\"]",
                  "sapsegmentno": "2",
                  "productwidthmm": null,
                  "contains": null,
                  "sapsubcategoryname": "RESALE BAKERY SNACKS",
                  "dermatologisttested": null,
                  "wool_productpackaging": null,
                  "dermatologicallyapproved": null,
                  "specialsgroupid": null,
                  "productimages": "224739.jpg,224739_2.jpg,224739_3.jpg",
                  "productheightmm": null,
                  "r&r_hidereviews": null,
                  "microwavesafe": "False",
                  "paba-free": null,
                  "lifestyleclaim": "Vegetarian",
                  "alcoholfree": null,
                  "tgawarning": null,
                  "activeconstituents": null,
                  "microwaveable": "False",
                  "soap-free": null,
                  "countryoforigin": null,
                  "isexcludedfromsubstitution": "False",
                  "productimagecount": "3",
                  "r&r_loggedinreviews": null,
                  "anti-dandruff": null,
                  "servingsize-total-nip": null,
                  "tgahealthwarninglink": null,
                  "allergenmaybepresent": null,
                  "PiesProductDepartmentNodeId": "1_DEB537E",
                  "parabenfree": "False",
                  "vendorarticleid": null,
                  "containsgluten": "False",
                  "containsnuts": "False",
                  "ingredients": "Wheat Flour, Water, Raising Agents (Sodium Carbonate, 450), Iodised Salt, Preservatives (282, Nisin), Dextrose, Vitamins (Thiamin, Folic Acid).",
                  "colour": null,
                  "manufacturer": null,
                  "sapcategoryno": "60",
                  "storageinstructions": "Store in a cool, dry place.",
                  "tgawarnings": null,
                  "piesdepartmentnamesjson": "[\"Bakery\"]",
                  "brand": "woolworths",
                  "oilfree": null,
                  "fragrance": null,
                  "antibacterial": "False",
                  "non-comedogenic": null,
                  "antiseptic": "False",
                  "bpafree": "False",
                  "vendorcostprice": null,
                  "description": null,
                  "sweatresistant": null,
                  "sapsubcategoryno": "949",
                  "antioxidant": "False",
                  "claims": null,
                  "phbalanced": null,
                  "wool_dietaryclaim": null,
                  "ophthalmologisttested": null,
                  "sulfatefree": "False",
                  "servingsperpack-total-nip": null,
                  "piescategorynamesjson": "[\"Packaged Bread & Bakery\"]",
                  "nutritionalinformation": "{\"Name\":\"Nutritional Information\",\"Attributes\":[{\"Id\":702,\"Name\":\"Calcium Quantity Per 100g - Total - NIP\",\"Value\":\"81mg\",\"Description\":\"Calcium Quantity Per 100g - Total - NIP\",\"SortOrder\":71},{\"Id\":47,\"Name\":\"Calcium Quantity Per Serve - Total - NIP\",\"Value\":\"40.5mg\",\"Description\":\"Calcium Quantity Per Serve - Total - NIP\",\"SortOrder\":75},{\"Id\":705,\"Name\":\"Carbohydrate Quantity Per 100g - Total - NIP\",\"Value\":\"33.20g\",\"Description\":\"Carbohydrate Quantity Per 100g - Total - NIP\",\"SortOrder\":83},{\"Id\":706,\"Name\":\"Carbohydrate Quantity Per Serve - Total - NIP\",\"Value\":\"16.60g\",\"Description\":\"Carbohydrate Quantity Per Serve - Total - NIP\",\"SortOrder\":87},{\"Id\":191,\"Name\":\"Dietary Fibre Quantity Per 100g - Total - NIP\",\"Value\":\"3.00g\",\"Description\":\"Dietary Fibre Quantity Per 100g - Total - NIP\",\"SortOrder\":175},{\"Id\":120,\"Name\":\"Dietary Fibre Quantity Per Serve - Total - NIP\",\"Value\":\"1.50g\",\"Description\":\"Dietary Fibre Quantity Per Serve - Total - NIP\",\"SortOrder\":179},{\"Id\":759,\"Name\":\"Energy kJ Quantity Per 100g - Total - NIP\",\"Value\":\"724.00kJ\",\"Description\":\"Energy kJ Quantity Per 100g - Total - NIP\",\"SortOrder\":239},{\"Id\":760,\"Name\":\"Energy kJ Quantity Per Serve - Total - NIP\",\"Value\":\"362.00kJ\",\"Description\":\"Energy kJ Quantity Per Serve - Total - NIP\",\"SortOrder\":243},{\"Id\":253,\"Name\":\"Fat Saturated Quantity Per 100g - Total - NIP\",\"Value\":\"<1.00g\",\"Description\":\"Fat Saturated Quantity Per 100g - Total - NIP\",\"SortOrder\":251},{\"Id\":258,\"Name\":\"Fat Saturated Quantity Per Serve - Total - NIP\",\"Value\":\"<0.50g\",\"Description\":\"Fat Saturated Quantity Per Serve - Total - NIP\",\"SortOrder\":255},{\"Id\":764,\"Name\":\"Fat Total Quantity Per 100g - Total - NIP\",\"Value\":\"<1.00g\",\"Description\":\"Fat Total Quantity Per 100g - Total - NIP\",\"SortOrder\":263},{\"Id\":166,\"Name\":\"Fat Total Quantity Per 100g - ValueWord - NIP\",\"Value\":\"1.00\",\"Description\":\"Fat Total Quantity Per 100g - ValueWord - NIP\",\"SortOrder\":264},{\"Id\":264,\"Name\":\"Fat Total Quantity Per Serve - Total - NIP\",\"Value\":\"<0.50g\",\"Description\":\"Fat Total Quantity Per Serve - Total - NIP\",\"SortOrder\":267},{\"Id\":402,\"Name\":\"Monounsaturated Quantity Per 100g - Total - NIP\",\"Value\":\"0.09g\",\"Description\":\"Monounsaturated Quantity Per 100g - Total - NIP\",\"SortOrder\":479},{\"Id\":834,\"Name\":\"Monounsaturated Quantity Per Serve - Total - NIP\",\"Value\":\"0.05g\",\"Description\":\"Monounsaturated Quantity Per Serve - Total - NIP\",\"SortOrder\":483},{\"Id\":434,\"Name\":\"Polyunsaturated Quantity Per 100g - Total - NIP\",\"Value\":\"0.4g\",\"Description\":\"Polyunsaturated Quantity Per 100g - Total - NIP\",\"SortOrder\":563},{\"Id\":435,\"Name\":\"Polyunsaturated Quantity Per Serve - Total - NIP\",\"Value\":\"0.2g\",\"Description\":\"Polyunsaturated Quantity Per Serve - Total - NIP\",\"SortOrder\":567},{\"Id\":443,\"Name\":\"Potassium Quantity Per 100g - Total - NIP\",\"Value\":\"77mg\",\"Description\":\"Potassium Quantity Per 100g - Total - NIP\",\"SortOrder\":575},{\"Id\":493,\"Name\":\"Potassium Quantity Per Serve - Total - NIP\",\"Value\":\"38.5mg\",\"Description\":\"Potassium Quantity Per Serve - Total - NIP\",\"SortOrder\":579},{\"Id\":878,\"Name\":\"Protein Quantity Per 100g - Total - NIP\",\"Value\":\"6.00g\",\"Description\":\"Protein Quantity Per 100g - Total - NIP\",\"SortOrder\":587},{\"Id\":882,\"Name\":\"Protein Quantity Per Serve - Total - NIP\",\"Value\":\"3.00g\",\"Description\":\"Protein Quantity Per Serve - Total - NIP\",\"SortOrder\":591},{\"Id\":477,\"Name\":\"Serving Size - Total - NIP\",\"Value\":\"50.00g\",\"Description\":\"Serving Size - Total - NIP\",\"SortOrder\":607},{\"Id\":544,\"Name\":\"Servings Per Pack - Total - NIP\",\"Value\":\"6.00\",\"Description\":\"Servings Per Pack - Total - NIP\",\"SortOrder\":611},{\"Id\":491,\"Name\":\"Sodium Quantity Per 100g - Total - NIP\",\"Value\":\"640.00mg\",\"Description\":\"Sodium Quantity Per 100g - Total - NIP\",\"SortOrder\":623},{\"Id\":495,\"Name\":\"Sodium Quantity Per Serve - Total - NIP\",\"Value\":\"320.00mg\",\"Description\":\"Sodium Quantity Per Serve - Total - NIP\",\"SortOrder\":627},{\"Id\":907,\"Name\":\"Sugars Quantity Per 100g - Prefix - NIP\",\"Value\":\"Approx. \",\"Description\":\"Sugars Quantity Per 100g - Prefix - NIP\",\"SortOrder\":645},{\"Id\":908,\"Name\":\"Sugars Quantity Per 100g - SuffixUnits - NIP\",\"Value\":\"g\",\"Description\":\"Sugars Quantity Per 100g - SuffixUnits - NIP\",\"SortOrder\":646},{\"Id\":909,\"Name\":\"Sugars Quantity Per 100g - Total - NIP\",\"Value\":\"2.00g\",\"Description\":\"Sugars Quantity Per 100g - Total - NIP\",\"SortOrder\":647},{\"Id\":910,\"Name\":\"Sugars Quantity Per 100g - ValueWord - NIP\",\"Value\":\"2.00\",\"Description\":\"Sugars Quantity Per 100g - ValueWord - NIP\",\"SortOrder\":648},{\"Id\":504,\"Name\":\"Sugars Quantity Per Serve - Prefix - NIP\",\"Value\":\"<\",\"Description\":\"Sugars Quantity Per Serve - Prefix - NIP\",\"SortOrder\":649},{\"Id\":911,\"Name\":\"Sugars Quantity Per Serve - SuffixUnits - NIP\",\"Value\":\"g\",\"Description\":\"Sugars Quantity Per Serve - SuffixUnits - NIP\",\"SortOrder\":650},{\"Id\":912,\"Name\":\"Sugars Quantity Per Serve - Total - NIP\",\"Value\":\"1.00g\",\"Description\":\"Sugars Quantity Per Serve - Total - NIP\",\"SortOrder\":651},{\"Id\":572,\"Name\":\"Sugars Quantity Per Serve - ValueWord - NIP\",\"Value\":\"1.00\",\"Description\":\"Sugars Quantity Per Serve - ValueWord - NIP\",\"SortOrder\":652},{\"Id\":593,\"Name\":\"Trans Quantity Per 100g - Total - NIP\",\"Value\":\"6.87mg\",\"Description\":\"Trans Quantity Per 100g - Total - NIP\",\"SortOrder\":667},{\"Id\":510,\"Name\":\"Trans Quantity Per Serve - Total - NIP\",\"Value\":\"3.44mg\",\"Description\":\"Trans Quantity Per Serve - Total - NIP\",\"SortOrder\":671}]}",
                  "ovencook": "False",
                  "vegetarian": "False",
                  "hypo-allergenic": null,
                  "timer": null,
                  "dermatologistrecommended": null,
                  "sapdepartmentno": "47",
                  "allergencontains": "Gluten, Wheat",
                  "waterresistant": null,
                  "friendlydisclaimer": null,
                  "recyclableinformation": null,
                  "usageinstructions": null,
                  "freezable": "False"
              },
              "DetailsImagePaths": [
                  "https://cdn0.woolworths.media/content/wowproductimages/large/224739.jpg"
              ],
              "Variety": null,
              "Rating": {
                  "ReviewCount": 0,
                  "RatingCount": 0,
                  "RatingSum": 0,
                  "OneStarCount": 0,
                  "TwoStarCount": 0,
                  "ThreeStarCount": 0,
                  "FourStarCount": 0,
                  "FiveStarCount": 0,
                  "Average": 0,
                  "OneStarPercentage": 0,
                  "TwoStarPercentage": 0,
                  "ThreeStarPercentage": 0,
                  "FourStarPercentage": 0,
                  "FiveStarPercentage": 0
              },
              "HasProductSubs": false,
              "IsSponsoredAd": false,
              "AdID": null,
              "AdIndex": null,
              "IsMarketProduct": false,
              "IsGiftable": false,
              "Vendor": null,
              "Untraceable": false,
              "ThirdPartyProductInfo": null,
              "MarketFeatures": null,
              "MarketSpecifications": null,
              "SupplyLimitSource": "ProductLimit",
              "Tags": [
                  {
                      "Content": {
                          "Type": "Label",
                          "Position": "Top",
                          "Attributes": {
                              "Text": "LOW PRICE",
                              "Promotion": "LowPrice",
                              "BackgroundColor": "#c20016",
                              "BorderColor": "#c20016",
                              "TextColor": "#fff"
                          }
                      },
                      "TemplateId": null,
                      "Metadata": null
                  }
              ],
              "IsPersonalisedByPurchaseHistory": false,
              "IsFromFacetedSearch": false,
              "NextAvailabilityDate": "2024-02-22T00:00:00.0000000Z",
              "NumberOfSubstitutes": 0,
              "IsPrimaryVariant": false,
              "VariantGroupId": 0,
              "HasVariants": false,
              "VariantTitle": null,
              "IsTobacco": false
          }
      ],
      "Name": "Woolworths Crumpets",
      "DisplayName": "Woolworths Crumpets 6 Pack"
  },
  {
      "Products": [
          {
              "TileID": 0,
              "Stockcode": 103219,
              "Barcode": "9339423008807",
              "GtinFormat": 13,
              "CupPrice": 1.56,
              "InstoreCupPrice": 1.56,
              "CupMeasure": "100G",
              "CupString": "$1.56 / 100G",
              "InstoreCupString": "$1.56 / 100G",
              "HasCupPrice": true,
              "InstoreHasCupPrice": true,
              "Price": 7.8,
              "InstorePrice": 7.8,
              "Name": "Abbott's Bakery Gluten Free Farmhouse Wholemeal Bread Slice Loaf",
              "DisplayName": "Abbott's Bakery Gluten Free Farmhouse Wholemeal Bread Slice Loaf 500g",
              "UrlFriendlyName": "abbott-s-bakery-gluten-free-farmhouse-wholemeal-bread-slice-loaf",
              "Description": " Abbott's Bakery Gluten Free<br>Farmhouse Wholemeal... 500g",
              "SmallImageFile": "https://cdn0.woolworths.media/content/wowproductimages/small/103219.jpg",
              "MediumImageFile": "https://cdn0.woolworths.media/content/wowproductimages/medium/103219.jpg",
              "LargeImageFile": "https://cdn0.woolworths.media/content/wowproductimages/large/103219.jpg",
              "IsNew": false,
              "IsHalfPrice": false,
              "IsOnlineOnly": false,
              "IsOnSpecial": false,
              "InstoreIsOnSpecial": false,
              "IsEdrSpecial": false,
              "SavingsAmount": 0,
              "InstoreSavingsAmount": 0,
              "WasPrice": 7.8,
              "InstoreWasPrice": 7.8,
              "QuantityInTrolley": 0,
              "Unit": "Each",
              "MinimumQuantity": 1,
              "HasBeenBoughtBefore": false,
              "IsInTrolley": false,
              "Source": "Aisle.Bakery",
              "SupplyLimit": 13,
              "ProductLimit": 36,
              "MaxSupplyLimitMessage": "13 item(s) left",
              "IsRanged": true,
              "IsInStock": true,
              "PackageSize": "500g",
              "IsPmDelivery": false,
              "IsForCollection": true,
              "IsForDelivery": true,
              "IsForExpress": true,
              "ProductRestrictionMessage": null,
              "ProductWarningMessage": null,
              "CentreTag": {
                  "TagContent": null,
                  "TagLink": null,
                  "FallbackText": null,
                  "TagType": "None",
                  "MultibuyData": null,
                  "MemberPriceData": null,
                  "TagContentText": null,
                  "DualImageTagContent": null,
                  "PromotionType": "NOT_SET",
                  "IsRegisteredRewardCardPromotion": false
              },
              "IsCentreTag": false,
              "ImageTag": {
                  "TagContent": null,
                  "TagLink": null,
                  "FallbackText": "",
                  "TagType": "None",
                  "MultibuyData": null,
                  "MemberPriceData": null,
                  "TagContentText": null,
                  "DualImageTagContent": null,
                  "PromotionType": "NOT_SET",
                  "IsRegisteredRewardCardPromotion": false
              },
              "HeaderTag": null,
              "HasHeaderTag": false,
              "UnitWeightInGrams": 0,
              "SupplyLimitMessage": "'Abbott's Bakery Gluten Free Farmhouse Wholemeal Bread Slice Loaf' has a supply limit of 13. The quantity in your cart has been reduced accordingly. To purchase a larger quantity, please contact us on 1800 000 610. Please note we do not supply trade orders.",
              "SmallFormatDescription": "Abbott's Bakery Gluten Free Farmhouse Wholemeal Bread Slice Loaf",
              "FullDescription": "Abbott's Bakery Gluten Free Farmhouse Wholemeal Bread Slice Loaf",
              "IsAvailable": true,
              "InstoreIsAvailable": true,
              "IsPurchasable": true,
              "InstoreIsPurchasable": true,
              "AgeRestricted": false,
              "DisplayQuantity": 1,
              "RichDescription": null,
              "HideWasSavedPrice": false,
              "SapCategories": null,
              "Brand": "Abbott's Bakery",
              "IsRestrictedByDeliveryMethod": false,
              "FooterTag": {
                  "TagContent": null,
                  "TagLink": null,
                  "FallbackText": null,
                  "TagType": "None",
                  "MultibuyData": null,
                  "MemberPriceData": null,
                  "TagContentText": null,
                  "DualImageTagContent": null,
                  "PromotionType": "NOT_SET",
                  "IsRegisteredRewardCardPromotion": false
              },
              "IsFooterEnabled": false,
              "Diagnostics": "82",
              "IsBundle": false,
              "IsInFamily": false,
              "ChildProducts": null,
              "UrlOverride": null,
              "AdditionalAttributes": {
                  "boxedcontents": null,
                  "addedvitaminsandminerals": "False",
                  "sapdepartmentname": "PROPRIETARY BAKERY",
                  "spf": null,
                  "haircolour": null,
                  "lifestyleanddietarystatement": "High Fibre",
                  "sapcategoryname": "PROPRIETARY BAKERY",
                  "skintype": null,
                  "importantinformation": null,
                  "allergystatement": "Wheat Free",
                  "productdepthmm": null,
                  "skincondition": null,
                  "ophthalmologistapproved": null,
                  "healthstarrating": "3.5",
                  "hairtype": null,
                  "fragrance-free": null,
                  "sapsegmentname": "DIETARY NEEDS",
                  "suitablefor": "Gluten Free, Vegans and Vegetarians",
                  "PiesProductDepartmentsjson": "[{\"Id\":\"1_DEB537E\",\"Description\":\"Bakery\"},{\"Id\":\"1_9E92C35\",\"Description\":\"Lunch Box\"}]",
                  "piessubcategorynamesjson": "[\"Packaged Bread\",\"Gluten Free Bakery\",\"Bread & Wraps\",\"Gluten Free\",\"Bakery Snacks\"]",
                  "sapsegmentno": "11",
                  "productwidthmm": null,
                  "contains": null,
                  "sapsubcategoryname": "RESALE BREAD",
                  "dermatologisttested": null,
                  "wool_productpackaging": null,
                  "dermatologicallyapproved": null,
                  "specialsgroupid": null,
                  "productimages": "103219.jpg,103219_2.jpg,103219_3.jpg,103219_4.jpg,103219_6.jpg",
                  "productheightmm": null,
                  "r&r_hidereviews": null,
                  "microwavesafe": "False",
                  "paba-free": null,
                  "lifestyleclaim": "Vegan, Vegetarian",
                  "alcoholfree": null,
                  "tgawarning": null,
                  "activeconstituents": null,
                  "microwaveable": "False",
                  "soap-free": null,
                  "countryoforigin": null,
                  "isexcludedfromsubstitution": "False",
                  "productimagecount": "5",
                  "r&r_loggedinreviews": null,
                  "anti-dandruff": null,
                  "servingsize-total-nip": null,
                  "tgahealthwarninglink": null,
                  "allergenmaybepresent": "Soy",
                  "PiesProductDepartmentNodeId": "1_DEB537E",
                  "parabenfree": "False",
                  "vendorarticleid": null,
                  "containsgluten": "False",
                  "containsnuts": "False",
                  "ingredients": "Water, Wholemeal Gluten Free Flour (26%) (Wholemeal Rice Flour, Wholemeal Buckwheat Flour), Modified Tapioca Starch (1442), Canola Oil, Sugar, Linseed Meal (2%), Egg White Powder, Chia Seeds, Bakers Yeast, Iodised Salt, Thickeners (464, 466), Vinegar, Maize Starch.",
                  "colour": null,
                  "manufacturer": null,
                  "sapcategoryno": "60",
                  "storageinstructions": "To keep your Abbott's Bakery loaf fresh, store in a cool, dry place away from direct sunlight. Once opened, consume within 3 days. Freezing not recommended",
                  "tgawarnings": null,
                  "piesdepartmentnamesjson": "[\"Bakery\",\"Lunch Box\"]",
                  "brand": "abbott's bakery",
                  "oilfree": null,
                  "fragrance": null,
                  "antibacterial": "False",
                  "non-comedogenic": null,
                  "antiseptic": "False",
                  "bpafree": "False",
                  "vendorcostprice": null,
                  "description": "Say hello to gluten free bread. These soft, large slices are high in whole grain, a source of fibre, dairy free, free from artificial colours, flavours or preservatives, and don't fall apart in your hands.Rice bran and buckwheat create a distinctive texture and hearty flavour on the inside, whilst on the outside we've dusted this loaf with linseed meal to create a truly delicious, roasted nutty flavoured crust.<br><br>Say hello to gluten free bread. These soft, large slices are high in whole grain, a source of fibre, dairy free, free from artificial colours, flavours or preservatives, and don't fall apart in your hands.<br>Rice bran and buckwheat create a distinctive texture and hearty flavour on the inside, whilst on the outside we've dusted this loaf with linseed meal to create a truly delicious, roasted nutty flavoured crust.<br>Abbott’s Bakery  is for those who see the kitchen as a playground to feed their creativity and evoke delight. Our premium, versatile range is made for makers to craft their edible masterpieces just the way they like.<br><br>Gluten Free<br><br>45% of your whole grain daily target<br><br>Dairy Free<br><br>Source of Fibre<br><br>No Artificial Colours, Flavours and Preservatives<br><br>Endorsed by Coeliac Australia<br><br>Soft and Large slices",
                  "sweatresistant": null,
                  "sapsubcategoryno": "950",
                  "antioxidant": "False",
                  "claims": null,
                  "phbalanced": null,
                  "wool_dietaryclaim": null,
                  "ophthalmologisttested": null,
                  "sulfatefree": "False",
                  "servingsperpack-total-nip": null,
                  "piescategorynamesjson": "[\"Packaged Bread & Bakery\",\"Lunch\",\"Dietary Needs\",\"Snacks\"]",
                  "nutritionalinformation": "{\"Name\":\"Nutritional Information\",\"Attributes\":[{\"Id\":705,\"Name\":\"Carbohydrate Quantity Per 100g - Total - NIP\",\"Value\":\"43.30g\",\"Description\":\"Carbohydrate Quantity Per 100g - Total - NIP\",\"SortOrder\":83},{\"Id\":706,\"Name\":\"Carbohydrate Quantity Per Serve - Total - NIP\",\"Value\":\"35.90g\",\"Description\":\"Carbohydrate Quantity Per Serve - Total - NIP\",\"SortOrder\":87},{\"Id\":191,\"Name\":\"Dietary Fibre Quantity Per 100g - Total - NIP\",\"Value\":\"4.80g\",\"Description\":\"Dietary Fibre Quantity Per 100g - Total - NIP\",\"SortOrder\":175},{\"Id\":120,\"Name\":\"Dietary Fibre Quantity Per Serve - Total - NIP\",\"Value\":\"4.00g\",\"Description\":\"Dietary Fibre Quantity Per Serve - Total - NIP\",\"SortOrder\":179},{\"Id\":759,\"Name\":\"Energy kJ Quantity Per 100g - Total - NIP\",\"Value\":\"1120.00kJ\",\"Description\":\"Energy kJ Quantity Per 100g - Total - NIP\",\"SortOrder\":239},{\"Id\":760,\"Name\":\"Energy kJ Quantity Per Serve - Total - NIP\",\"Value\":\"930.00kJ\",\"Description\":\"Energy kJ Quantity Per Serve - Total - NIP\",\"SortOrder\":243},{\"Id\":253,\"Name\":\"Fat Saturated Quantity Per 100g - Total - NIP\",\"Value\":\"0.70g\",\"Description\":\"Fat Saturated Quantity Per 100g - Total - NIP\",\"SortOrder\":251},{\"Id\":258,\"Name\":\"Fat Saturated Quantity Per Serve - Total - NIP\",\"Value\":\"0.60g\",\"Description\":\"Fat Saturated Quantity Per Serve - Total - NIP\",\"SortOrder\":255},{\"Id\":764,\"Name\":\"Fat Total Quantity Per 100g - Total - NIP\",\"Value\":\"6.70g\",\"Description\":\"Fat Total Quantity Per 100g - Total - NIP\",\"SortOrder\":263},{\"Id\":166,\"Name\":\"Fat Total Quantity Per 100g - ValueWord - NIP\",\"Value\":\"6.70\",\"Description\":\"Fat Total Quantity Per 100g - ValueWord - NIP\",\"SortOrder\":264},{\"Id\":264,\"Name\":\"Fat Total Quantity Per Serve - Total - NIP\",\"Value\":\"5.60g\",\"Description\":\"Fat Total Quantity Per Serve - Total - NIP\",\"SortOrder\":267},{\"Id\":878,\"Name\":\"Protein Quantity Per 100g - Total - NIP\",\"Value\":\"5.60g\",\"Description\":\"Protein Quantity Per 100g - Total - NIP\",\"SortOrder\":587},{\"Id\":882,\"Name\":\"Protein Quantity Per Serve - Total - NIP\",\"Value\":\"4.60g\",\"Description\":\"Protein Quantity Per Serve - Total - NIP\",\"SortOrder\":591},{\"Id\":477,\"Name\":\"Serving Size - Total - NIP\",\"Value\":\"83g\",\"Description\":\"Serving Size - Total - NIP\",\"SortOrder\":607},{\"Id\":544,\"Name\":\"Servings Per Pack - Total - NIP\",\"Value\":\"10Slices + 2 Crusts\",\"Description\":\"Servings Per Pack - Total - NIP\",\"SortOrder\":611},{\"Id\":491,\"Name\":\"Sodium Quantity Per 100g - Total - NIP\",\"Value\":\"337.00mg\",\"Description\":\"Sodium Quantity Per 100g - Total - NIP\",\"SortOrder\":623},{\"Id\":495,\"Name\":\"Sodium Quantity Per Serve - Total - NIP\",\"Value\":\"280.00mg\",\"Description\":\"Sodium Quantity Per Serve - Total - NIP\",\"SortOrder\":627},{\"Id\":908,\"Name\":\"Sugars Quantity Per 100g - SuffixUnits - NIP\",\"Value\":\"g\",\"Description\":\"Sugars Quantity Per 100g - SuffixUnits - NIP\",\"SortOrder\":646},{\"Id\":909,\"Name\":\"Sugars Quantity Per 100g - Total - NIP\",\"Value\":\"2.80g\",\"Description\":\"Sugars Quantity Per 100g - Total - NIP\",\"SortOrder\":647},{\"Id\":910,\"Name\":\"Sugars Quantity Per 100g - ValueWord - NIP\",\"Value\":\"2.80\",\"Description\":\"Sugars Quantity Per 100g - ValueWord - NIP\",\"SortOrder\":648},{\"Id\":911,\"Name\":\"Sugars Quantity Per Serve - SuffixUnits - NIP\",\"Value\":\"g\",\"Description\":\"Sugars Quantity Per Serve - SuffixUnits - NIP\",\"SortOrder\":650},{\"Id\":912,\"Name\":\"Sugars Quantity Per Serve - Total - NIP\",\"Value\":\"2.30g\",\"Description\":\"Sugars Quantity Per Serve - Total - NIP\",\"SortOrder\":651},{\"Id\":572,\"Name\":\"Sugars Quantity Per Serve - ValueWord - NIP\",\"Value\":\"2.30\",\"Description\":\"Sugars Quantity Per Serve - ValueWord - NIP\",\"SortOrder\":652}]}",
                  "ovencook": "False",
                  "vegetarian": "False",
                  "hypo-allergenic": null,
                  "timer": null,
                  "dermatologistrecommended": null,
                  "sapdepartmentno": "47",
                  "allergencontains": "Egg",
                  "waterresistant": null,
                  "friendlydisclaimer": null,
                  "recyclableinformation": null,
                  "usageinstructions": null,
                  "freezable": "False"
              },
              "DetailsImagePaths": [
                  "https://cdn0.woolworths.media/content/wowproductimages/large/103219.jpg"
              ],
              "Variety": "Wholemeal Bread Slice Loaf",
              "Rating": {
                  "ReviewCount": 0,
                  "RatingCount": 0,
                  "RatingSum": 0,
                  "OneStarCount": 0,
                  "TwoStarCount": 0,
                  "ThreeStarCount": 0,
                  "FourStarCount": 0,
                  "FiveStarCount": 0,
                  "Average": 0,
                  "OneStarPercentage": 0,
                  "TwoStarPercentage": 0,
                  "ThreeStarPercentage": 0,
                  "FourStarPercentage": 0,
                  "FiveStarPercentage": 0
              },
              "HasProductSubs": false,
              "IsSponsoredAd": true,
              "AdID": "display_VxMedEAJzWnufAGmnwMn7DlKM0sKCAoGMTAzMjE5EgAaDAiF7--uBhDK5KKOASICCAE=",
              "AdIndex": 10,
              "IsMarketProduct": false,
              "IsGiftable": false,
              "Vendor": null,
              "Untraceable": false,
              "ThirdPartyProductInfo": null,
              "MarketFeatures": null,
              "MarketSpecifications": null,
              "SupplyLimitSource": "StockQuantity",
              "Tags": null,
              "IsPersonalisedByPurchaseHistory": false,
              "IsFromFacetedSearch": false,
              "NextAvailabilityDate": "2024-02-22T00:00:00.0000000Z",
              "NumberOfSubstitutes": 0,
              "IsPrimaryVariant": false,
              "VariantGroupId": 0,
              "HasVariants": false,
              "VariantTitle": null,
              "IsTobacco": false
          }
      ],
      "Name": "Abbott's Bakery Gluten Free Farmhouse Wholemeal Bread Slice Loaf",
      "DisplayName": "Abbott's Bakery Gluten Free Farmhouse Wholemeal Bread Slice Loaf 500g"
  },
  {
      "Products": [
          {
              "TileID": 0,
              "Stockcode": 355416,
              "Barcode": "9330856000208",
              "GtinFormat": 13,
              "CupPrice": 1.83,
              "InstoreCupPrice": 2.17,
              "CupMeasure": "100G",
              "CupString": "$1.83 / 100G",
              "InstoreCupString": "$2.17 / 100G",
              "HasCupPrice": true,
              "InstoreHasCupPrice": true,
              "Price": 5.5,
              "InstorePrice": 5.5,
              "Name": "Old Time Bakery Pizza Bases Gluten Free",
              "DisplayName": "Old Time Bakery Pizza Bases Gluten Free 2 Pack",
              "UrlFriendlyName": "old-time-bakery-pizza-bases-gluten-free",
              "Description": " Old Time Bakery Pizza Bases<br>Gluten Free 2 Pack",
              "SmallImageFile": "https://cdn0.woolworths.media/content/wowproductimages/small/355416.jpg",
              "MediumImageFile": "https://cdn0.woolworths.media/content/wowproductimages/medium/355416.jpg",
              "LargeImageFile": "https://cdn0.woolworths.media/content/wowproductimages/large/355416.jpg",
              "IsNew": false,
              "IsHalfPrice": false,
              "IsOnlineOnly": false,
              "IsOnSpecial": true,
              "InstoreIsOnSpecial": true,
              "IsEdrSpecial": false,
              "SavingsAmount": 1,
              "InstoreSavingsAmount": 1,
              "WasPrice": 6.5,
              "InstoreWasPrice": 6.5,
              "QuantityInTrolley": 0,
              "Unit": "Each",
              "MinimumQuantity": 1,
              "HasBeenBoughtBefore": false,
              "IsInTrolley": false,
              "Source": "Aisle.Bakery",
              "SupplyLimit": 10,
              "ProductLimit": 36,
              "MaxSupplyLimitMessage": "10 item(s) left",
              "IsRanged": true,
              "IsInStock": true,
              "PackageSize": "2 Pack",
              "IsPmDelivery": false,
              "IsForCollection": true,
              "IsForDelivery": true,
              "IsForExpress": true,
              "ProductRestrictionMessage": null,
              "ProductWarningMessage": null,
              "CentreTag": {
                  "TagContent": null,
                  "TagLink": null,
                  "FallbackText": null,
                  "TagType": "None",
                  "MultibuyData": null,
                  "MemberPriceData": null,
                  "TagContentText": null,
                  "DualImageTagContent": null,
                  "PromotionType": "NOT_SET",
                  "IsRegisteredRewardCardPromotion": false
              },
              "IsCentreTag": false,
              "ImageTag": {
                  "TagContent": "/content/promotiontags/roundel-special-200x200.png",
                  "TagLink": "",
                  "FallbackText": "On Special",
                  "TagType": "None",
                  "MultibuyData": null,
                  "MemberPriceData": null,
                  "TagContentText": null,
                  "DualImageTagContent": null,
                  "PromotionType": "NOT_SET",
                  "IsRegisteredRewardCardPromotion": false
              },
              "HeaderTag": {
                  "BackgroundColor": "#fd0",
                  "BorderColor": "#fd0",
                  "TextColor": "#000",
                  "Content": "Save $1.00",
                  "TagLink": null,
                  "Promotion": "Special"
              },
              "HasHeaderTag": true,
              "UnitWeightInGrams": 0,
              "SupplyLimitMessage": "'Old Time Bakery Pizza Bases Gluten Free' has a supply limit of 10. The quantity in your cart has been reduced accordingly. To purchase a larger quantity, please contact us on 1800 000 610. Please note we do not supply trade orders.",
              "SmallFormatDescription": "Old Time Bakery Pizza Bases Gluten Free",
              "FullDescription": "Old Time Bakery Pizza Bases Gluten Free",
              "IsAvailable": true,
              "InstoreIsAvailable": true,
              "IsPurchasable": true,
              "InstoreIsPurchasable": true,
              "AgeRestricted": false,
              "DisplayQuantity": 1,
              "RichDescription": null,
              "HideWasSavedPrice": false,
              "SapCategories": null,
              "Brand": "Old Time Bakery",
              "IsRestrictedByDeliveryMethod": false,
              "FooterTag": {
                  "TagContent": null,
                  "TagLink": null,
                  "FallbackText": null,
                  "TagType": "None",
                  "MultibuyData": null,
                  "MemberPriceData": null,
                  "TagContentText": null,
                  "DualImageTagContent": null,
                  "PromotionType": "NOT_SET",
                  "IsRegisteredRewardCardPromotion": false
              },
              "IsFooterEnabled": false,
              "Diagnostics": "83",
              "IsBundle": false,
              "IsInFamily": false,
              "ChildProducts": null,
              "UrlOverride": null,
              "AdditionalAttributes": {
                  "boxedcontents": null,
                  "addedvitaminsandminerals": "False",
                  "sapdepartmentname": "PROPRIETARY BAKERY",
                  "spf": null,
                  "haircolour": null,
                  "lifestyleanddietarystatement": "Gluten Free",
                  "sapcategoryname": "PROPRIETARY BAKERY",
                  "skintype": null,
                  "importantinformation": null,
                  "allergystatement": "Wheat Free",
                  "productdepthmm": null,
                  "skincondition": null,
                  "ophthalmologistapproved": null,
                  "healthstarrating": "3",
                  "hairtype": null,
                  "fragrance-free": null,
                  "sapsegmentname": "DIETARY NEEDS",
                  "suitablefor": null,
                  "PiesProductDepartmentsjson": "[{\"Id\":\"1_DEB537E\",\"Description\":\"Bakery\"}]",
                  "piessubcategorynamesjson": "[\"Gluten Free Bakery\"]",
                  "sapsegmentno": "9",
                  "productwidthmm": null,
                  "contains": null,
                  "sapsubcategoryname": "RESALE INTERNATIONAL BREAD",
                  "dermatologisttested": null,
                  "wool_productpackaging": null,
                  "dermatologicallyapproved": null,
                  "specialsgroupid": null,
                  "productimages": "355416.jpg",
                  "productheightmm": null,
                  "r&r_hidereviews": null,
                  "microwavesafe": "False",
                  "paba-free": null,
                  "lifestyleclaim": null,
                  "alcoholfree": null,
                  "tgawarning": null,
                  "activeconstituents": null,
                  "microwaveable": "False",
                  "soap-free": null,
                  "countryoforigin": null,
                  "isexcludedfromsubstitution": "False",
                  "productimagecount": "1",
                  "r&r_loggedinreviews": null,
                  "anti-dandruff": null,
                  "servingsize-total-nip": null,
                  "tgahealthwarninglink": null,
                  "allergenmaybepresent": null,
                  "PiesProductDepartmentNodeId": "1_DEB537E",
                  "parabenfree": "False",
                  "vendorarticleid": null,
                  "containsgluten": "False",
                  "containsnuts": "False",
                  "ingredients": "Maize Starch, Milk Solids Non-Fat, Rice Flour, Thickener Maize (1422), Mineral Salts (575, 500), Besan Flour, Vegetables Oil, Iodised Salt, Food Acid (297), Preservatives (282), Vegetable Gums (461, 412), Emulsifier (471), Filtered Water.",
                  "colour": null,
                  "manufacturer": null,
                  "sapcategoryno": "60",
                  "storageinstructions": "Store unopened in a cool, dry place. Once opened, refrigerate and consume within 3 days. Pizza bases are suitable for freezing.",
                  "tgawarnings": null,
                  "piesdepartmentnamesjson": "[\"Bakery\"]",
                  "brand": "old time bakery",
                  "oilfree": null,
                  "fragrance": null,
                  "antibacterial": "False",
                  "non-comedogenic": null,
                  "antiseptic": "False",
                  "bpafree": "False",
                  "vendorcostprice": null,
                  "description": "<p>Old Time Bakery Gluten Free Pizza Bases are gluten and yeast free.</p>",
                  "sweatresistant": null,
                  "sapsubcategoryno": "810",
                  "antioxidant": "False",
                  "claims": null,
                  "phbalanced": null,
                  "wool_dietaryclaim": null,
                  "ophthalmologisttested": null,
                  "sulfatefree": "False",
                  "servingsperpack-total-nip": null,
                  "piescategorynamesjson": "[\"Packaged Bread & Bakery\"]",
                  "nutritionalinformation": "{\"Name\":\"Nutritional Information\",\"Attributes\":[{\"Id\":702,\"Name\":\"Calcium Quantity Per 100g - Total - NIP\",\"Value\":\"50mg\",\"Description\":\"Calcium Quantity Per 100g - Total - NIP\",\"SortOrder\":71},{\"Id\":47,\"Name\":\"Calcium Quantity Per Serve - Total - NIP\",\"Value\":\"75mg\",\"Description\":\"Calcium Quantity Per Serve - Total - NIP\",\"SortOrder\":75},{\"Id\":705,\"Name\":\"Carbohydrate Quantity Per 100g - Total - NIP\",\"Value\":\"52.1g\",\"Description\":\"Carbohydrate Quantity Per 100g - Total - NIP\",\"SortOrder\":83},{\"Id\":706,\"Name\":\"Carbohydrate Quantity Per Serve - Total - NIP\",\"Value\":\"78.2g\",\"Description\":\"Carbohydrate Quantity Per Serve - Total - NIP\",\"SortOrder\":87},{\"Id\":191,\"Name\":\"Dietary Fibre Quantity Per 100g - Total - NIP\",\"Value\":\"3.9g\",\"Description\":\"Dietary Fibre Quantity Per 100g - Total - NIP\",\"SortOrder\":175},{\"Id\":120,\"Name\":\"Dietary Fibre Quantity Per Serve - Total - NIP\",\"Value\":\"5.85g\",\"Description\":\"Dietary Fibre Quantity Per Serve - Total - NIP\",\"SortOrder\":179},{\"Id\":759,\"Name\":\"Energy kJ Quantity Per 100g - Total - NIP\",\"Value\":\"1052kJ\",\"Description\":\"Energy kJ Quantity Per 100g - Total - NIP\",\"SortOrder\":239},{\"Id\":760,\"Name\":\"Energy kJ Quantity Per Serve - Total - NIP\",\"Value\":\"1577.6kJ\",\"Description\":\"Energy kJ Quantity Per Serve - Total - NIP\",\"SortOrder\":243},{\"Id\":253,\"Name\":\"Fat Saturated Quantity Per 100g - Total - NIP\",\"Value\":\"0.2g\",\"Description\":\"Fat Saturated Quantity Per 100g - Total - NIP\",\"SortOrder\":251},{\"Id\":258,\"Name\":\"Fat Saturated Quantity Per Serve - Total - NIP\",\"Value\":\"0.3g\",\"Description\":\"Fat Saturated Quantity Per Serve - Total - NIP\",\"SortOrder\":255},{\"Id\":764,\"Name\":\"Fat Total Quantity Per 100g - Total - NIP\",\"Value\":\"2.2g\",\"Description\":\"Fat Total Quantity Per 100g - Total - NIP\",\"SortOrder\":263},{\"Id\":166,\"Name\":\"Fat Total Quantity Per 100g - ValueWord - NIP\",\"Value\":\"2.2\",\"Description\":\"Fat Total Quantity Per 100g - ValueWord - NIP\",\"SortOrder\":264},{\"Id\":264,\"Name\":\"Fat Total Quantity Per Serve - Total - NIP\",\"Value\":\"3.3g\",\"Description\":\"Fat Total Quantity Per Serve - Total - NIP\",\"SortOrder\":267},{\"Id\":402,\"Name\":\"Monounsaturated Quantity Per 100g - Total - NIP\",\"Value\":\"1.65g\",\"Description\":\"Monounsaturated Quantity Per 100g - Total - NIP\",\"SortOrder\":479},{\"Id\":834,\"Name\":\"Monounsaturated Quantity Per Serve - Total - NIP\",\"Value\":\"2.48g\",\"Description\":\"Monounsaturated Quantity Per Serve - Total - NIP\",\"SortOrder\":483},{\"Id\":434,\"Name\":\"Polyunsaturated Quantity Per 100g - Total - NIP\",\"Value\":\"1.27g\",\"Description\":\"Polyunsaturated Quantity Per 100g - Total - NIP\",\"SortOrder\":563},{\"Id\":435,\"Name\":\"Polyunsaturated Quantity Per Serve - Total - NIP\",\"Value\":\"1.91g\",\"Description\":\"Polyunsaturated Quantity Per Serve - Total - NIP\",\"SortOrder\":567},{\"Id\":443,\"Name\":\"Potassium Quantity Per 100g - Total - NIP\",\"Value\":\"190mg\",\"Description\":\"Potassium Quantity Per 100g - Total - NIP\",\"SortOrder\":575},{\"Id\":493,\"Name\":\"Potassium Quantity Per Serve - Total - NIP\",\"Value\":\"285mg\",\"Description\":\"Potassium Quantity Per Serve - Total - NIP\",\"SortOrder\":579},{\"Id\":878,\"Name\":\"Protein Quantity Per 100g - Total - NIP\",\"Value\":\"4.9g\",\"Description\":\"Protein Quantity Per 100g - Total - NIP\",\"SortOrder\":587},{\"Id\":882,\"Name\":\"Protein Quantity Per Serve - Total - NIP\",\"Value\":\"7.4g\",\"Description\":\"Protein Quantity Per Serve - Total - NIP\",\"SortOrder\":591},{\"Id\":477,\"Name\":\"Serving Size - Total - NIP\",\"Value\":\"150g\",\"Description\":\"Serving Size - Total - NIP\",\"SortOrder\":607},{\"Id\":544,\"Name\":\"Servings Per Pack - Total - NIP\",\"Value\":\"2\",\"Description\":\"Servings Per Pack - Total - NIP\",\"SortOrder\":611},{\"Id\":491,\"Name\":\"Sodium Quantity Per 100g - Total - NIP\",\"Value\":\"380mg\",\"Description\":\"Sodium Quantity Per 100g - Total - NIP\",\"SortOrder\":623},{\"Id\":495,\"Name\":\"Sodium Quantity Per Serve - Total - NIP\",\"Value\":\"570mg\",\"Description\":\"Sodium Quantity Per Serve - Total - NIP\",\"SortOrder\":627},{\"Id\":907,\"Name\":\"Sugars Quantity Per 100g - Prefix - NIP\",\"Value\":null,\"Description\":\"Sugars Quantity Per 100g - Prefix - NIP\",\"SortOrder\":645},{\"Id\":908,\"Name\":\"Sugars Quantity Per 100g - SuffixUnits - NIP\",\"Value\":\"g\",\"Description\":\"Sugars Quantity Per 100g - SuffixUnits - NIP\",\"SortOrder\":646},{\"Id\":909,\"Name\":\"Sugars Quantity Per 100g - Total - NIP\",\"Value\":\"3.8g\",\"Description\":\"Sugars Quantity Per 100g - Total - NIP\",\"SortOrder\":647},{\"Id\":910,\"Name\":\"Sugars Quantity Per 100g - ValueWord - NIP\",\"Value\":\"3.8\",\"Description\":\"Sugars Quantity Per 100g - ValueWord - NIP\",\"SortOrder\":648},{\"Id\":504,\"Name\":\"Sugars Quantity Per Serve - Prefix - NIP\",\"Value\":null,\"Description\":\"Sugars Quantity Per Serve - Prefix - NIP\",\"SortOrder\":649},{\"Id\":911,\"Name\":\"Sugars Quantity Per Serve - SuffixUnits - NIP\",\"Value\":\"g\",\"Description\":\"Sugars Quantity Per Serve - SuffixUnits - NIP\",\"SortOrder\":650},{\"Id\":912,\"Name\":\"Sugars Quantity Per Serve - Total - NIP\",\"Value\":\"5.7g\",\"Description\":\"Sugars Quantity Per Serve - Total - NIP\",\"SortOrder\":651},{\"Id\":572,\"Name\":\"Sugars Quantity Per Serve - ValueWord - NIP\",\"Value\":\"5.7\",\"Description\":\"Sugars Quantity Per Serve - ValueWord - NIP\",\"SortOrder\":652},{\"Id\":593,\"Name\":\"Trans Quantity Per 100g - Total - NIP\",\"Value\":\"38.18mg\",\"Description\":\"Trans Quantity Per 100g - Total - NIP\",\"SortOrder\":667},{\"Id\":510,\"Name\":\"Trans Quantity Per Serve - Total - NIP\",\"Value\":\"57.27mg\",\"Description\":\"Trans Quantity Per Serve - Total - NIP\",\"SortOrder\":671}]}",
                  "ovencook": "False",
                  "vegetarian": "False",
                  "hypo-allergenic": null,
                  "timer": null,
                  "dermatologistrecommended": null,
                  "sapdepartmentno": "47",
                  "allergencontains": "Milk, Preservatives",
                  "waterresistant": null,
                  "friendlydisclaimer": null,
                  "recyclableinformation": null,
                  "usageinstructions": null,
                  "freezable": "False"
              },
              "DetailsImagePaths": [
                  "https://cdn0.woolworths.media/content/wowproductimages/large/355416.jpg"
              ],
              "Variety": "Gluten Free",
              "Rating": {
                  "ReviewCount": 0,
                  "RatingCount": 0,
                  "RatingSum": 0,
                  "OneStarCount": 0,
                  "TwoStarCount": 0,
                  "ThreeStarCount": 0,
                  "FourStarCount": 0,
                  "FiveStarCount": 0,
                  "Average": 0,
                  "OneStarPercentage": 0,
                  "TwoStarPercentage": 0,
                  "ThreeStarPercentage": 0,
                  "FourStarPercentage": 0,
                  "FiveStarPercentage": 0
              },
              "HasProductSubs": false,
              "IsSponsoredAd": true,
              "AdID": "display_I4HX5lANHkbHPR3oCePzKLgfjXoKCAoGMzU1NDE2EgAaDAiF7--uBhDlsKOOASICCAE=",
              "AdIndex": 11,
              "IsMarketProduct": false,
              "IsGiftable": false,
              "Vendor": null,
              "Untraceable": false,
              "ThirdPartyProductInfo": null,
              "MarketFeatures": null,
              "MarketSpecifications": null,
              "SupplyLimitSource": "StockQuantity",
              "Tags": [
                  {
                      "Content": {
                          "Type": "Label",
                          "Position": "Top",
                          "Attributes": {
                              "Text": "Save $1.00",
                              "Promotion": "Special",
                              "BackgroundColor": "#fd0",
                              "BorderColor": "#fd0",
                              "TextColor": "#000"
                          }
                      },
                      "TemplateId": null,
                      "Metadata": null
                  },
                  {
                      "Content": {
                          "Type": "Roundel",
                          "Position": "Top",
                          "Attributes": {
                              "ImagePath": "/content/promotiontags/roundel-special-200x200.png",
                              "FallbackText": "On Special"
                          }
                      },
                      "TemplateId": null,
                      "Metadata": null
                  }
              ],
              "IsPersonalisedByPurchaseHistory": false,
              "IsFromFacetedSearch": false,
              "NextAvailabilityDate": "2024-02-22T00:00:00.0000000Z",
              "NumberOfSubstitutes": 0,
              "IsPrimaryVariant": false,
              "VariantGroupId": 0,
              "HasVariants": false,
              "VariantTitle": null,
              "IsTobacco": false
          }
      ],
      "Name": "Old Time Bakery Pizza Bases Gluten Free",
      "DisplayName": "Old Time Bakery Pizza Bases Gluten Free 2 Pack"
  },
  {
      "Products": [
          {
              "TileID": 0,
              "Stockcode": 581280,
              "Barcode": "9300633636913",
              "GtinFormat": 13,
              "CupPrice": 0.5,
              "InstoreCupPrice": 0.5,
              "CupMeasure": "100G",
              "CupString": "$0.50 / 100G",
              "InstoreCupString": "$0.50 / 100G",
              "HasCupPrice": true,
              "InstoreHasCupPrice": true,
              "Price": 3.5,
              "InstorePrice": 3.5,
              "Name": "Woolworths White Soft Hi-fibre Bread",
              "DisplayName": "Woolworths White Soft Hi-fibre Bread 700g",
              "UrlFriendlyName": "woolworths-white-soft-hi-fibre-bread",
              "Description": " Woolworths White Soft<br>Hi-fibre Bread 700G",
              "SmallImageFile": "https://cdn0.woolworths.media/content/wowproductimages/small/581280.jpg",
              "MediumImageFile": "https://cdn0.woolworths.media/content/wowproductimages/medium/581280.jpg",
              "LargeImageFile": "https://cdn0.woolworths.media/content/wowproductimages/large/581280.jpg",
              "IsNew": false,
              "IsHalfPrice": false,
              "IsOnlineOnly": false,
              "IsOnSpecial": false,
              "InstoreIsOnSpecial": false,
              "IsEdrSpecial": false,
              "SavingsAmount": 0,
              "InstoreSavingsAmount": 0,
              "WasPrice": 3.5,
              "InstoreWasPrice": 3.5,
              "QuantityInTrolley": 0,
              "Unit": "Each",
              "MinimumQuantity": 1,
              "HasBeenBoughtBefore": false,
              "IsInTrolley": false,
              "Source": "Aisle.Bakery",
              "SupplyLimit": 36,
              "ProductLimit": 36,
              "MaxSupplyLimitMessage": "36 item limit",
              "IsRanged": true,
              "IsInStock": true,
              "PackageSize": "700G",
              "IsPmDelivery": false,
              "IsForCollection": true,
              "IsForDelivery": true,
              "IsForExpress": true,
              "ProductRestrictionMessage": null,
              "ProductWarningMessage": null,
              "CentreTag": {
                  "TagContent": null,
                  "TagLink": null,
                  "FallbackText": null,
                  "TagType": "None",
                  "MultibuyData": null,
                  "MemberPriceData": null,
                  "TagContentText": null,
                  "DualImageTagContent": null,
                  "PromotionType": "NOT_SET",
                  "IsRegisteredRewardCardPromotion": false
              },
              "IsCentreTag": false,
              "ImageTag": {
                  "TagContent": null,
                  "TagLink": null,
                  "FallbackText": "",
                  "TagType": "None",
                  "MultibuyData": null,
                  "MemberPriceData": null,
                  "TagContentText": null,
                  "DualImageTagContent": null,
                  "PromotionType": "NOT_SET",
                  "IsRegisteredRewardCardPromotion": false
              },
              "HeaderTag": {
                  "BackgroundColor": "#c20016",
                  "BorderColor": "#c20016",
                  "TextColor": "#fff",
                  "Content": "LOW PRICE",
                  "TagLink": null,
                  "Promotion": "LowPrice"
              },
              "HasHeaderTag": true,
              "UnitWeightInGrams": 0,
              "SupplyLimitMessage": "'Woolworths White Soft Hi-fibre Bread' has a supply limit of 36. The quantity in your cart has been reduced accordingly. To purchase a larger quantity, please contact us on 1800 000 610. Please note we do not supply trade orders.",
              "SmallFormatDescription": "Woolworths White Soft Hi-fibre Bread",
              "FullDescription": "Woolworths White Soft Hi-fibre Bread",
              "IsAvailable": true,
              "InstoreIsAvailable": false,
              "IsPurchasable": true,
              "InstoreIsPurchasable": false,
              "AgeRestricted": false,
              "DisplayQuantity": 1,
              "RichDescription": null,
              "HideWasSavedPrice": false,
              "SapCategories": null,
              "Brand": "Woolworths",
              "IsRestrictedByDeliveryMethod": false,
              "FooterTag": {
                  "TagContent": "Lower Price Always",
                  "TagLink": null,
                  "FallbackText": null,
                  "TagType": "Html",
                  "MultibuyData": null,
                  "MemberPriceData": null,
                  "TagContentText": null,
                  "DualImageTagContent": null,
                  "PromotionType": "NOT_SET",
                  "IsRegisteredRewardCardPromotion": false
              },
              "IsFooterEnabled": true,
              "Diagnostics": "84",
              "IsBundle": false,
              "IsInFamily": false,
              "ChildProducts": null,
              "UrlOverride": null,
              "AdditionalAttributes": {
                  "boxedcontents": null,
                  "addedvitaminsandminerals": "False",
                  "sapdepartmentname": "PROPRIETARY BAKERY",
                  "spf": null,
                  "haircolour": null,
                  "lifestyleanddietarystatement": "Source of Protein",
                  "sapcategoryname": "PROPRIETARY BAKERY",
                  "skintype": null,
                  "importantinformation": null,
                  "allergystatement": "Egg Free",
                  "productdepthmm": null,
                  "skincondition": null,
                  "ophthalmologistapproved": null,
                  "healthstarrating": "4",
                  "hairtype": null,
                  "fragrance-free": null,
                  "sapsegmentname": "WHITE LOAF",
                  "suitablefor": null,
                  "PiesProductDepartmentsjson": "[{\"Id\":\"1_DEB537E\",\"Description\":\"Bakery\"},{\"Id\":\"1_9E92C35\",\"Description\":\"Lunch Box\"}]",
                  "piessubcategorynamesjson": "[\"Packaged Bread\",\"Bread & Wraps\"]",
                  "sapsegmentno": "1",
                  "productwidthmm": null,
                  "contains": null,
                  "sapsubcategoryname": "RESALE BREAD",
                  "dermatologisttested": null,
                  "wool_productpackaging": null,
                  "dermatologicallyapproved": null,
                  "specialsgroupid": null,
                  "productimages": "581280.jpg,581280_2.jpg,581280_3.jpg,581280_4.jpg",
                  "productheightmm": null,
                  "r&r_hidereviews": null,
                  "microwavesafe": "False",
                  "paba-free": null,
                  "lifestyleclaim": "Vegetarian",
                  "alcoholfree": null,
                  "tgawarning": null,
                  "activeconstituents": null,
                  "microwaveable": "False",
                  "soap-free": null,
                  "countryoforigin": null,
                  "isexcludedfromsubstitution": "False",
                  "productimagecount": "4",
                  "r&r_loggedinreviews": null,
                  "anti-dandruff": null,
                  "servingsize-total-nip": null,
                  "tgahealthwarninglink": null,
                  "allergenmaybepresent": "Sesame",
                  "PiesProductDepartmentNodeId": "1_DEB537E",
                  "parabenfree": "False",
                  "vendorarticleid": null,
                  "containsgluten": "False",
                  "containsnuts": "False",
                  "ingredients": "Wheat Flour, Water, Wheat Fibre, Wheat Gluten, Yeast, Vinegar, Iodised Salt, Canola Oil, Soy Flour, Fermented Wheat Flour, Emulsifiers (472e, 481), Minerals (Iron, Zinc), Vitamins (Vitamin E, Niacin, Vitamin B6, Thiamin, Folic Acid), Processing Aid (Wheat).",
                  "colour": null,
                  "manufacturer": null,
                  "sapcategoryno": "60",
                  "storageinstructions": null,
                  "tgawarnings": null,
                  "piesdepartmentnamesjson": "[\"Bakery\",\"Lunch Box\"]",
                  "brand": "woolworths",
                  "oilfree": null,
                  "fragrance": null,
                  "antibacterial": "False",
                  "non-comedogenic": null,
                  "antiseptic": "False",
                  "bpafree": "False",
                  "vendorcostprice": null,
                  "description": null,
                  "sweatresistant": null,
                  "sapsubcategoryno": "950",
                  "antioxidant": "False",
                  "claims": null,
                  "phbalanced": null,
                  "wool_dietaryclaim": null,
                  "ophthalmologisttested": null,
                  "sulfatefree": "False",
                  "servingsperpack-total-nip": null,
                  "piescategorynamesjson": "[\"Packaged Bread & Bakery\",\"Lunch\"]",
                  "nutritionalinformation": "{\"Name\":\"Nutritional Information\",\"Attributes\":[{\"Id\":702,\"Name\":\"Calcium Quantity Per 100g - Total - NIP\",\"Value\":\"112mg\",\"Description\":\"Calcium Quantity Per 100g - Total - NIP\",\"SortOrder\":71},{\"Id\":705,\"Name\":\"Carbohydrate Quantity Per 100g - Total - NIP\",\"Value\":\"40.50g\",\"Description\":\"Carbohydrate Quantity Per 100g - Total - NIP\",\"SortOrder\":83},{\"Id\":706,\"Name\":\"Carbohydrate Quantity Per Serve - Total - NIP\",\"Value\":\"30.00g\",\"Description\":\"Carbohydrate Quantity Per Serve - Total - NIP\",\"SortOrder\":87},{\"Id\":191,\"Name\":\"Dietary Fibre Quantity Per 100g - Total - NIP\",\"Value\":\"6.60g\",\"Description\":\"Dietary Fibre Quantity Per 100g - Total - NIP\",\"SortOrder\":175},{\"Id\":120,\"Name\":\"Dietary Fibre Quantity Per Serve - Total - NIP\",\"Value\":\"4.90g\",\"Description\":\"Dietary Fibre Quantity Per Serve - Total - NIP\",\"SortOrder\":179},{\"Id\":759,\"Name\":\"Energy kJ Quantity Per 100g - Total - NIP\",\"Value\":\"1010.00kJ\",\"Description\":\"Energy kJ Quantity Per 100g - Total - NIP\",\"SortOrder\":239},{\"Id\":760,\"Name\":\"Energy kJ Quantity Per Serve - Total - NIP\",\"Value\":\"747.00kJ\",\"Description\":\"Energy kJ Quantity Per Serve - Total - NIP\",\"SortOrder\":243},{\"Id\":253,\"Name\":\"Fat Saturated Quantity Per 100g - Total - NIP\",\"Value\":\"<1.00g\",\"Description\":\"Fat Saturated Quantity Per 100g - Total - NIP\",\"SortOrder\":251},{\"Id\":258,\"Name\":\"Fat Saturated Quantity Per Serve - Total - NIP\",\"Value\":\"<0.70g\",\"Description\":\"Fat Saturated Quantity Per Serve - Total - NIP\",\"SortOrder\":255},{\"Id\":764,\"Name\":\"Fat Total Quantity Per 100g - Total - NIP\",\"Value\":\"3.00g\",\"Description\":\"Fat Total Quantity Per 100g - Total - NIP\",\"SortOrder\":263},{\"Id\":166,\"Name\":\"Fat Total Quantity Per 100g - ValueWord - NIP\",\"Value\":\"3.00\",\"Description\":\"Fat Total Quantity Per 100g - ValueWord - NIP\",\"SortOrder\":264},{\"Id\":264,\"Name\":\"Fat Total Quantity Per Serve - Total - NIP\",\"Value\":\"2.20g\",\"Description\":\"Fat Total Quantity Per Serve - Total - NIP\",\"SortOrder\":267},{\"Id\":402,\"Name\":\"Monounsaturated Quantity Per 100g - Total - NIP\",\"Value\":\"0.85g\",\"Description\":\"Monounsaturated Quantity Per 100g - Total - NIP\",\"SortOrder\":479},{\"Id\":434,\"Name\":\"Polyunsaturated Quantity Per 100g - Total - NIP\",\"Value\":\"1.35g\",\"Description\":\"Polyunsaturated Quantity Per 100g - Total - NIP\",\"SortOrder\":563},{\"Id\":443,\"Name\":\"Potassium Quantity Per 100g - Total - NIP\",\"Value\":\"134mg\",\"Description\":\"Potassium Quantity Per 100g - Total - NIP\",\"SortOrder\":575},{\"Id\":878,\"Name\":\"Protein Quantity Per 100g - Total - NIP\",\"Value\":\"9.20g\",\"Description\":\"Protein Quantity Per 100g - Total - NIP\",\"SortOrder\":587},{\"Id\":882,\"Name\":\"Protein Quantity Per Serve - Total - NIP\",\"Value\":\"6.80g\",\"Description\":\"Protein Quantity Per Serve - Total - NIP\",\"SortOrder\":591},{\"Id\":477,\"Name\":\"Serving Size - Total - NIP\",\"Value\":\"74.00g\",\"Description\":\"Serving Size - Total - NIP\",\"SortOrder\":607},{\"Id\":544,\"Name\":\"Servings Per Pack - Total - NIP\",\"Value\":\"9.50\",\"Description\":\"Servings Per Pack - Total - NIP\",\"SortOrder\":611},{\"Id\":491,\"Name\":\"Sodium Quantity Per 100g - Total - NIP\",\"Value\":\"380.00mg\",\"Description\":\"Sodium Quantity Per 100g - Total - NIP\",\"SortOrder\":623},{\"Id\":495,\"Name\":\"Sodium Quantity Per Serve - Total - NIP\",\"Value\":\"281.00mg\",\"Description\":\"Sodium Quantity Per Serve - Total - NIP\",\"SortOrder\":627},{\"Id\":908,\"Name\":\"Sugars Quantity Per 100g - SuffixUnits - NIP\",\"Value\":\"g\",\"Description\":\"Sugars Quantity Per 100g - SuffixUnits - NIP\",\"SortOrder\":646},{\"Id\":909,\"Name\":\"Sugars Quantity Per 100g - Total - NIP\",\"Value\":\"3.10g\",\"Description\":\"Sugars Quantity Per 100g - Total - NIP\",\"SortOrder\":647},{\"Id\":910,\"Name\":\"Sugars Quantity Per 100g - ValueWord - NIP\",\"Value\":\"3.10\",\"Description\":\"Sugars Quantity Per 100g - ValueWord - NIP\",\"SortOrder\":648},{\"Id\":911,\"Name\":\"Sugars Quantity Per Serve - SuffixUnits - NIP\",\"Value\":\"g\",\"Description\":\"Sugars Quantity Per Serve - SuffixUnits - NIP\",\"SortOrder\":650},{\"Id\":912,\"Name\":\"Sugars Quantity Per Serve - Total - NIP\",\"Value\":\"2.30g\",\"Description\":\"Sugars Quantity Per Serve - Total - NIP\",\"SortOrder\":651},{\"Id\":572,\"Name\":\"Sugars Quantity Per Serve - ValueWord - NIP\",\"Value\":\"2.30\",\"Description\":\"Sugars Quantity Per Serve - ValueWord - NIP\",\"SortOrder\":652},{\"Id\":593,\"Name\":\"Trans Quantity Per 100g - Total - NIP\",\"Value\":null,\"Description\":\"Trans Quantity Per 100g - Total - NIP\",\"SortOrder\":667}]}",
                  "ovencook": "False",
                  "vegetarian": "False",
                  "hypo-allergenic": null,
                  "timer": null,
                  "dermatologistrecommended": null,
                  "sapdepartmentno": "47",
                  "allergencontains": "Gluten, Soy, Wheat",
                  "waterresistant": null,
                  "friendlydisclaimer": null,
                  "recyclableinformation": null,
                  "usageinstructions": null,
                  "freezable": "False"
              },
              "DetailsImagePaths": [
                  "https://cdn0.woolworths.media/content/wowproductimages/large/581280.jpg"
              ],
              "Variety": "Hi-Fibre Bread",
              "Rating": {
                  "ReviewCount": 0,
                  "RatingCount": 0,
                  "RatingSum": 0,
                  "OneStarCount": 0,
                  "TwoStarCount": 0,
                  "ThreeStarCount": 0,
                  "FourStarCount": 0,
                  "FiveStarCount": 0,
                  "Average": 0,
                  "OneStarPercentage": 0,
                  "TwoStarPercentage": 0,
                  "ThreeStarPercentage": 0,
                  "FourStarPercentage": 0,
                  "FiveStarPercentage": 0
              },
              "HasProductSubs": false,
              "IsSponsoredAd": false,
              "AdID": null,
              "AdIndex": null,
              "IsMarketProduct": false,
              "IsGiftable": false,
              "Vendor": null,
              "Untraceable": false,
              "ThirdPartyProductInfo": null,
              "MarketFeatures": null,
              "MarketSpecifications": null,
              "SupplyLimitSource": "ProductLimit",
              "Tags": [
                  {
                      "Content": {
                          "Type": "Label",
                          "Position": "Top",
                          "Attributes": {
                              "Text": "LOW PRICE",
                              "Promotion": "LowPrice",
                              "BackgroundColor": "#c20016",
                              "BorderColor": "#c20016",
                              "TextColor": "#fff"
                          }
                      },
                      "TemplateId": null,
                      "Metadata": null
                  }
              ],
              "IsPersonalisedByPurchaseHistory": false,
              "IsFromFacetedSearch": false,
              "NextAvailabilityDate": "2024-02-22T00:00:00.0000000Z",
              "NumberOfSubstitutes": 0,
              "IsPrimaryVariant": false,
              "VariantGroupId": 0,
              "HasVariants": false,
              "VariantTitle": null,
              "IsTobacco": false
          }
      ],
      "Name": "Woolworths White Soft Hi-fibre Bread",
      "DisplayName": "Woolworths White Soft Hi-fibre Bread 700g"
  },
  {
      "Products": [
          {
              "TileID": 0,
              "Stockcode": 690672,
              "Barcode": "9339423007961",
              "GtinFormat": 13,
              "CupPrice": 0.7,
              "InstoreCupPrice": 0.7,
              "CupMeasure": "100G",
              "CupString": "$0.70 / 100G",
              "InstoreCupString": "$0.70 / 100G",
              "HasCupPrice": true,
              "InstoreHasCupPrice": true,
              "Price": 4.9,
              "InstorePrice": 4.9,
              "Name": "Abbott's Bakery Rustic White Sandwich Slice Bread Loaf",
              "DisplayName": "Abbott's Bakery Rustic White Sandwich Slice Bread Loaf 700g",
              "UrlFriendlyName": "abbott-s-bakery-rustic-white-sandwich-slice-bread-loaf",
              "Description": " Abbott's Bakery Rustic White<br>Sandwich Slice... 700g",
              "SmallImageFile": "https://cdn0.woolworths.media/content/wowproductimages/small/690672.jpg",
              "MediumImageFile": "https://cdn0.woolworths.media/content/wowproductimages/medium/690672.jpg",
              "LargeImageFile": "https://cdn0.woolworths.media/content/wowproductimages/large/690672.jpg",
              "IsNew": false,
              "IsHalfPrice": false,
              "IsOnlineOnly": false,
              "IsOnSpecial": false,
              "InstoreIsOnSpecial": false,
              "IsEdrSpecial": false,
              "SavingsAmount": 0,
              "InstoreSavingsAmount": 0,
              "WasPrice": 4.9,
              "InstoreWasPrice": 4.9,
              "QuantityInTrolley": 0,
              "Unit": "Each",
              "MinimumQuantity": 1,
              "HasBeenBoughtBefore": false,
              "IsInTrolley": false,
              "Source": "Aisle.Bakery",
              "SupplyLimit": 36,
              "ProductLimit": 36,
              "MaxSupplyLimitMessage": "36 item limit",
              "IsRanged": true,
              "IsInStock": true,
              "PackageSize": "700g",
              "IsPmDelivery": false,
              "IsForCollection": true,
              "IsForDelivery": true,
              "IsForExpress": true,
              "ProductRestrictionMessage": null,
              "ProductWarningMessage": null,
              "CentreTag": {
                  "TagContent": null,
                  "TagLink": null,
                  "FallbackText": null,
                  "TagType": "None",
                  "MultibuyData": null,
                  "MemberPriceData": null,
                  "TagContentText": null,
                  "DualImageTagContent": null,
                  "PromotionType": "NOT_SET",
                  "IsRegisteredRewardCardPromotion": false
              },
              "IsCentreTag": false,
              "ImageTag": {
                  "TagContent": null,
                  "TagLink": null,
                  "FallbackText": "",
                  "TagType": "None",
                  "MultibuyData": null,
                  "MemberPriceData": null,
                  "TagContentText": null,
                  "DualImageTagContent": null,
                  "PromotionType": "NOT_SET",
                  "IsRegisteredRewardCardPromotion": false
              },
              "HeaderTag": {
                  "BackgroundColor": "#c20016",
                  "BorderColor": "#c20016",
                  "TextColor": "#fff",
                  "Content": "LOW PRICE",
                  "TagLink": null,
                  "Promotion": "LowPrice"
              },
              "HasHeaderTag": true,
              "UnitWeightInGrams": 0,
              "SupplyLimitMessage": "'Abbott's Bakery Rustic White Sandwich Slice Bread Loaf' has a supply limit of 36. The quantity in your cart has been reduced accordingly. To purchase a larger quantity, please contact us on 1800 000 610. Please note we do not supply trade orders.",
              "SmallFormatDescription": "Abbott's Bakery Rustic White Sandwich Slice Bread Loaf",
              "FullDescription": "Abbott's Bakery Rustic White Sandwich Slice Bread Loaf",
              "IsAvailable": true,
              "InstoreIsAvailable": false,
              "IsPurchasable": true,
              "InstoreIsPurchasable": false,
              "AgeRestricted": false,
              "DisplayQuantity": 1,
              "RichDescription": null,
              "HideWasSavedPrice": false,
              "SapCategories": null,
              "Brand": "Abbott's Bakery",
              "IsRestrictedByDeliveryMethod": false,
              "FooterTag": {
                  "TagContent": "Lower Price Always",
                  "TagLink": null,
                  "FallbackText": null,
                  "TagType": "Html",
                  "MultibuyData": null,
                  "MemberPriceData": null,
                  "TagContentText": null,
                  "DualImageTagContent": null,
                  "PromotionType": "NOT_SET",
                  "IsRegisteredRewardCardPromotion": false
              },
              "IsFooterEnabled": true,
              "Diagnostics": "85",
              "IsBundle": false,
              "IsInFamily": false,
              "ChildProducts": null,
              "UrlOverride": null,
              "AdditionalAttributes": {
                  "boxedcontents": null,
                  "addedvitaminsandminerals": "False",
                  "sapdepartmentname": "PROPRIETARY BAKERY",
                  "spf": null,
                  "haircolour": null,
                  "lifestyleanddietarystatement": "Halal",
                  "sapcategoryname": "PROPRIETARY BAKERY",
                  "skintype": null,
                  "importantinformation": null,
                  "allergystatement": "No Artificial Preservatives",
                  "productdepthmm": null,
                  "skincondition": null,
                  "ophthalmologistapproved": null,
                  "healthstarrating": "4",
                  "hairtype": null,
                  "fragrance-free": null,
                  "sapsegmentname": "WHITE LOAF",
                  "suitablefor": null,
                  "PiesProductDepartmentsjson": "[{\"Id\":\"1_DEB537E\",\"Description\":\"Bakery\"},{\"Id\":\"1_9E92C35\",\"Description\":\"Lunch Box\"}]",
                  "piessubcategorynamesjson": "[\"Packaged Bread\",\"Bread & Wraps\"]",
                  "sapsegmentno": "1",
                  "productwidthmm": null,
                  "contains": null,
                  "sapsubcategoryname": "RESALE BREAD",
                  "dermatologisttested": null,
                  "wool_productpackaging": null,
                  "dermatologicallyapproved": null,
                  "specialsgroupid": null,
                  "productimages": "690672.jpg,690672_2.jpg,690672_3.jpg,690672_4.jpg,690672_6.jpg",
                  "productheightmm": null,
                  "r&r_hidereviews": null,
                  "microwavesafe": "False",
                  "paba-free": null,
                  "lifestyleclaim": "Halal, Vegan, Vegetarian",
                  "alcoholfree": null,
                  "tgawarning": null,
                  "activeconstituents": null,
                  "microwaveable": "False",
                  "soap-free": null,
                  "countryoforigin": null,
                  "isexcludedfromsubstitution": "False",
                  "productimagecount": "5",
                  "r&r_loggedinreviews": null,
                  "anti-dandruff": null,
                  "servingsize-total-nip": null,
                  "tgahealthwarninglink": null,
                  "allergenmaybepresent": null,
                  "PiesProductDepartmentNodeId": "1_DEB537E",
                  "parabenfree": "False",
                  "vendorarticleid": null,
                  "containsgluten": "False",
                  "containsnuts": "False",
                  "ingredients": "Wheat Flour, Water, Bakers Yeast, Wholemeal Rye Flour (2%), Vinegar, Wheat Gluten, Iodised Salt, Wheat Semolina (0.8%), Canola Oil, Fermented Wheat Flour, Soy Flour, Vegetable Emulsifiers (471, 472e, 481), Vitamins (Thiamin, Folic Acid).",
                  "colour": null,
                  "manufacturer": null,
                  "sapcategoryno": "60",
                  "storageinstructions": "To keep your Abbott’s Bakery loaf fresh, store in a cool, dry place away from direct sunlight.",
                  "tgawarnings": null,
                  "piesdepartmentnamesjson": "[\"Bakery\",\"Lunch Box\"]",
                  "brand": "abbott's bakery",
                  "oilfree": null,
                  "fragrance": null,
                  "antibacterial": "False",
                  "non-comedogenic": null,
                  "antiseptic": "False",
                  "bpafree": "False",
                  "vendorcostprice": null,
                  "description": "Abbott’s Bakery is for those who see the kitchen as a playground to feed their creativity and evoke delight. Our premium, versatile range is made for makers to craft their edible masterpieces just the way they like.<br><br>You can’t go wrong with a classic. Especially when it’s this soft. And this loaf tastes as good as it feels, thanks to a dash of rye flour that gives a subtle earthy flavour. Oh yes, and a dusting of semolina adds a lovely crusty finish.<br><br>Made with Australian Wheat^<br><br>Source of Fibre<br><br>6.9 g of Protein per serve<br><br>No Artificial Colours,flavours or preservatives<br><br>4 Health Star Rating",
                  "sweatresistant": null,
                  "sapsubcategoryno": "950",
                  "antioxidant": "False",
                  "claims": null,
                  "phbalanced": null,
                  "wool_dietaryclaim": null,
                  "ophthalmologisttested": null,
                  "sulfatefree": "False",
                  "servingsperpack-total-nip": null,
                  "piescategorynamesjson": "[\"Packaged Bread & Bakery\",\"Lunch\"]",
                  "nutritionalinformation": "{\"Name\":\"Nutritional Information\",\"Attributes\":[{\"Id\":705,\"Name\":\"Carbohydrate Quantity Per 100g - Total - NIP\",\"Value\":\"46.50g\",\"Description\":\"Carbohydrate Quantity Per 100g - Total - NIP\",\"SortOrder\":83},{\"Id\":706,\"Name\":\"Carbohydrate Quantity Per Serve - Total - NIP\",\"Value\":\"36.30g\",\"Description\":\"Carbohydrate Quantity Per Serve - Total - NIP\",\"SortOrder\":87},{\"Id\":191,\"Name\":\"Dietary Fibre Quantity Per 100g - Total - NIP\",\"Value\":\"4.50g\",\"Description\":\"Dietary Fibre Quantity Per 100g - Total - NIP\",\"SortOrder\":175},{\"Id\":120,\"Name\":\"Dietary Fibre Quantity Per Serve - Total - NIP\",\"Value\":\"3.50g\",\"Description\":\"Dietary Fibre Quantity Per Serve - Total - NIP\",\"SortOrder\":179},{\"Id\":759,\"Name\":\"Energy kJ Quantity Per 100g - Total - NIP\",\"Value\":\"1070.00kJ\",\"Description\":\"Energy kJ Quantity Per 100g - Total - NIP\",\"SortOrder\":239},{\"Id\":760,\"Name\":\"Energy kJ Quantity Per Serve - Total - NIP\",\"Value\":\"835.00kJ\",\"Description\":\"Energy kJ Quantity Per Serve - Total - NIP\",\"SortOrder\":243},{\"Id\":253,\"Name\":\"Fat Saturated Quantity Per 100g - Total - NIP\",\"Value\":\"0.30g\",\"Description\":\"Fat Saturated Quantity Per 100g - Total - NIP\",\"SortOrder\":251},{\"Id\":258,\"Name\":\"Fat Saturated Quantity Per Serve - Total - NIP\",\"Value\":\"0.20g\",\"Description\":\"Fat Saturated Quantity Per Serve - Total - NIP\",\"SortOrder\":255},{\"Id\":764,\"Name\":\"Fat Total Quantity Per 100g - Total - NIP\",\"Value\":\"2.50g\",\"Description\":\"Fat Total Quantity Per 100g - Total - NIP\",\"SortOrder\":263},{\"Id\":166,\"Name\":\"Fat Total Quantity Per 100g - ValueWord - NIP\",\"Value\":\"2.50\",\"Description\":\"Fat Total Quantity Per 100g - ValueWord - NIP\",\"SortOrder\":264},{\"Id\":264,\"Name\":\"Fat Total Quantity Per Serve - Total - NIP\",\"Value\":\"2.00g\",\"Description\":\"Fat Total Quantity Per Serve - Total - NIP\",\"SortOrder\":267},{\"Id\":878,\"Name\":\"Protein Quantity Per 100g - Total - NIP\",\"Value\":\"8.90g\",\"Description\":\"Protein Quantity Per 100g - Total - NIP\",\"SortOrder\":587},{\"Id\":882,\"Name\":\"Protein Quantity Per Serve - Total - NIP\",\"Value\":\"6.90g\",\"Description\":\"Protein Quantity Per Serve - Total - NIP\",\"SortOrder\":591},{\"Id\":477,\"Name\":\"Serving Size - Total - NIP\",\"Value\":\"78g\",\"Description\":\"Serving Size - Total - NIP\",\"SortOrder\":607},{\"Id\":544,\"Name\":\"Servings Per Pack - Total - NIP\",\"Value\":\"9\",\"Description\":\"Servings Per Pack - Total - NIP\",\"SortOrder\":611},{\"Id\":491,\"Name\":\"Sodium Quantity Per 100g - Total - NIP\",\"Value\":\"362.00mg\",\"Description\":\"Sodium Quantity Per 100g - Total - NIP\",\"SortOrder\":623},{\"Id\":495,\"Name\":\"Sodium Quantity Per Serve - Total - NIP\",\"Value\":\"282.00mg\",\"Description\":\"Sodium Quantity Per Serve - Total - NIP\",\"SortOrder\":627},{\"Id\":907,\"Name\":\"Sugars Quantity Per 100g - Prefix - NIP\",\"Value\":null,\"Description\":\"Sugars Quantity Per 100g - Prefix - NIP\",\"SortOrder\":645},{\"Id\":908,\"Name\":\"Sugars Quantity Per 100g - SuffixUnits - NIP\",\"Value\":\"g\",\"Description\":\"Sugars Quantity Per 100g - SuffixUnits - NIP\",\"SortOrder\":646},{\"Id\":909,\"Name\":\"Sugars Quantity Per 100g - Total - NIP\",\"Value\":\"2.70g\",\"Description\":\"Sugars Quantity Per 100g - Total - NIP\",\"SortOrder\":647},{\"Id\":910,\"Name\":\"Sugars Quantity Per 100g - ValueWord - NIP\",\"Value\":\"2.70\",\"Description\":\"Sugars Quantity Per 100g - ValueWord - NIP\",\"SortOrder\":648},{\"Id\":504,\"Name\":\"Sugars Quantity Per Serve - Prefix - NIP\",\"Value\":null,\"Description\":\"Sugars Quantity Per Serve - Prefix - NIP\",\"SortOrder\":649},{\"Id\":911,\"Name\":\"Sugars Quantity Per Serve - SuffixUnits - NIP\",\"Value\":\"g\",\"Description\":\"Sugars Quantity Per Serve - SuffixUnits - NIP\",\"SortOrder\":650},{\"Id\":912,\"Name\":\"Sugars Quantity Per Serve - Total - NIP\",\"Value\":\"2.10g\",\"Description\":\"Sugars Quantity Per Serve - Total - NIP\",\"SortOrder\":651},{\"Id\":572,\"Name\":\"Sugars Quantity Per Serve - ValueWord - NIP\",\"Value\":\"2.10\",\"Description\":\"Sugars Quantity Per Serve - ValueWord - NIP\",\"SortOrder\":652}]}",
                  "ovencook": "False",
                  "vegetarian": "False",
                  "hypo-allergenic": null,
                  "timer": null,
                  "dermatologistrecommended": null,
                  "sapdepartmentno": "47",
                  "allergencontains": "Gluten, Soy",
                  "waterresistant": null,
                  "friendlydisclaimer": null,
                  "recyclableinformation": null,
                  "usageinstructions": null,
                  "freezable": "False"
              },
              "DetailsImagePaths": [
                  "https://cdn0.woolworths.media/content/wowproductimages/large/690672.jpg"
              ],
              "Variety": "Slice Bread Loaf",
              "Rating": {
                  "ReviewCount": 0,
                  "RatingCount": 0,
                  "RatingSum": 0,
                  "OneStarCount": 0,
                  "TwoStarCount": 0,
                  "ThreeStarCount": 0,
                  "FourStarCount": 0,
                  "FiveStarCount": 0,
                  "Average": 0,
                  "OneStarPercentage": 0,
                  "TwoStarPercentage": 0,
                  "ThreeStarPercentage": 0,
                  "FourStarPercentage": 0,
                  "FiveStarPercentage": 0
              },
              "HasProductSubs": false,
              "IsSponsoredAd": false,
              "AdID": null,
              "AdIndex": null,
              "IsMarketProduct": false,
              "IsGiftable": false,
              "Vendor": null,
              "Untraceable": false,
              "ThirdPartyProductInfo": null,
              "MarketFeatures": null,
              "MarketSpecifications": null,
              "SupplyLimitSource": "ProductLimit",
              "Tags": [
                  {
                      "Content": {
                          "Type": "Label",
                          "Position": "Top",
                          "Attributes": {
                              "Text": "LOW PRICE",
                              "Promotion": "LowPrice",
                              "BackgroundColor": "#c20016",
                              "BorderColor": "#c20016",
                              "TextColor": "#fff"
                          }
                      },
                      "TemplateId": null,
                      "Metadata": null
                  }
              ],
              "IsPersonalisedByPurchaseHistory": false,
              "IsFromFacetedSearch": false,
              "NextAvailabilityDate": "2024-02-22T00:00:00.0000000Z",
              "NumberOfSubstitutes": 0,
              "IsPrimaryVariant": false,
              "VariantGroupId": 0,
              "HasVariants": false,
              "VariantTitle": null,
              "IsTobacco": false
          }
      ],
      "Name": "Abbott's Bakery Rustic White Sandwich Slice Bread Loaf",
      "DisplayName": "Abbott's Bakery Rustic White Sandwich Slice Bread Loaf 700g"
  },
  {
      "Products": [
          {
              "TileID": 0,
              "Stockcode": 421465,
              "Barcode": "0282853000004",
              "GtinFormat": 13,
              "CupPrice": 0.6,
              "InstoreCupPrice": 0.6,
              "CupMeasure": "1EA",
              "CupString": "$0.60 / 1EA",
              "InstoreCupString": "$0.60 / 1EA",
              "HasCupPrice": true,
              "InstoreHasCupPrice": true,
              "Price": 3,
              "InstorePrice": 3,
              "Name": "Woolworths Dreamy Choc Chip Cookies",
              "DisplayName": "Woolworths Dreamy Choc Chip Cookies 5 Pack",
              "UrlFriendlyName": "woolworths-dreamy-choc-chip-cookies",
              "Description": " Woolworths Dreamy Choc Chip<br>Cookies 5 Pack",
              "SmallImageFile": "https://cdn0.woolworths.media/content/wowproductimages/small/421465.jpg",
              "MediumImageFile": "https://cdn0.woolworths.media/content/wowproductimages/medium/421465.jpg",
              "LargeImageFile": "https://cdn0.woolworths.media/content/wowproductimages/large/421465.jpg",
              "IsNew": false,
              "IsHalfPrice": false,
              "IsOnlineOnly": false,
              "IsOnSpecial": false,
              "InstoreIsOnSpecial": false,
              "IsEdrSpecial": false,
              "SavingsAmount": 0,
              "InstoreSavingsAmount": 0,
              "WasPrice": 3,
              "InstoreWasPrice": 3,
              "QuantityInTrolley": 0,
              "Unit": "Each",
              "MinimumQuantity": 1,
              "HasBeenBoughtBefore": false,
              "IsInTrolley": false,
              "Source": "Aisle.Bakery",
              "SupplyLimit": 36,
              "ProductLimit": 36,
              "MaxSupplyLimitMessage": "36 item limit",
              "IsRanged": true,
              "IsInStock": true,
              "PackageSize": "5 Pack",
              "IsPmDelivery": true,
              "IsForCollection": true,
              "IsForDelivery": true,
              "IsForExpress": true,
              "ProductRestrictionMessage": null,
              "ProductWarningMessage": null,
              "CentreTag": {
                  "TagContent": null,
                  "TagLink": null,
                  "FallbackText": null,
                  "TagType": "None",
                  "MultibuyData": null,
                  "MemberPriceData": null,
                  "TagContentText": null,
                  "DualImageTagContent": null,
                  "PromotionType": "NOT_SET",
                  "IsRegisteredRewardCardPromotion": false
              },
              "IsCentreTag": false,
              "ImageTag": {
                  "TagContent": null,
                  "TagLink": null,
                  "FallbackText": "",
                  "TagType": "None",
                  "MultibuyData": null,
                  "MemberPriceData": null,
                  "TagContentText": null,
                  "DualImageTagContent": null,
                  "PromotionType": "NOT_SET",
                  "IsRegisteredRewardCardPromotion": false
              },
              "HeaderTag": null,
              "HasHeaderTag": false,
              "UnitWeightInGrams": 0,
              "SupplyLimitMessage": "'Woolworths Dreamy Choc Chip Cookies' has a supply limit of 36. The quantity in your cart has been reduced accordingly. To purchase a larger quantity, please contact us on 1800 000 610. Please note we do not supply trade orders.",
              "SmallFormatDescription": "Woolworths Dreamy Choc Chip Cookies",
              "FullDescription": "Woolworths Dreamy Choc Chip Cookies",
              "IsAvailable": true,
              "InstoreIsAvailable": false,
              "IsPurchasable": true,
              "InstoreIsPurchasable": false,
              "AgeRestricted": false,
              "DisplayQuantity": 1,
              "RichDescription": null,
              "HideWasSavedPrice": false,
              "SapCategories": null,
              "Brand": "Woolworths",
              "IsRestrictedByDeliveryMethod": false,
              "FooterTag": {
                  "TagContent": null,
                  "TagLink": null,
                  "FallbackText": null,
                  "TagType": "None",
                  "MultibuyData": null,
                  "MemberPriceData": null,
                  "TagContentText": null,
                  "DualImageTagContent": null,
                  "PromotionType": "NOT_SET",
                  "IsRegisteredRewardCardPromotion": false
              },
              "IsFooterEnabled": true,
              "Diagnostics": "86",
              "IsBundle": false,
              "IsInFamily": false,
              "ChildProducts": null,
              "UrlOverride": null,
              "AdditionalAttributes": {
                  "boxedcontents": null,
                  "addedvitaminsandminerals": "False",
                  "sapdepartmentname": "BAKEHOUSE",
                  "spf": null,
                  "haircolour": null,
                  "lifestyleanddietarystatement": null,
                  "sapcategoryname": "INSTORE BAKERY",
                  "skintype": null,
                  "importantinformation": null,
                  "allergystatement": "Fish Free",
                  "productdepthmm": null,
                  "skincondition": null,
                  "ophthalmologistapproved": null,
                  "healthstarrating": null,
                  "hairtype": null,
                  "fragrance-free": null,
                  "sapsegmentname": "COOKIES / BISCUITS",
                  "suitablefor": null,
                  "PiesProductDepartmentsjson": "[{\"Id\":\"1_DEB537E\",\"Description\":\"Bakery\"},{\"Id\":\"1_9E92C35\",\"Description\":\"Lunch Box\"}]",
                  "piessubcategorynamesjson": "[\"Donuts & Cookies\",\"Bakery Snacks\"]",
                  "sapsegmentno": "11",
                  "productwidthmm": null,
                  "contains": null,
                  "sapsubcategoryname": "INSTORE MANUF CAKE/PASTRY",
                  "dermatologisttested": null,
                  "wool_productpackaging": null,
                  "dermatologicallyapproved": null,
                  "specialsgroupid": null,
                  "productimages": "421465.jpg,421465_3.jpg",
                  "productheightmm": null,
                  "r&r_hidereviews": null,
                  "microwavesafe": "False",
                  "paba-free": null,
                  "lifestyleclaim": null,
                  "alcoholfree": null,
                  "tgawarning": null,
                  "activeconstituents": null,
                  "microwaveable": "False",
                  "soap-free": null,
                  "countryoforigin": null,
                  "isexcludedfromsubstitution": "False",
                  "productimagecount": "2",
                  "r&r_loggedinreviews": null,
                  "anti-dandruff": null,
                  "servingsize-total-nip": null,
                  "tgahealthwarninglink": null,
                  "allergenmaybepresent": null,
                  "PiesProductDepartmentNodeId": "1_DEB537E",
                  "parabenfree": "False",
                  "vendorarticleid": null,
                  "containsgluten": "False",
                  "containsnuts": "False",
                  "ingredients": "Wheat Flour, Sugar, Dark Compound Chocolate (19%) (Sugar, Hydrogenated Vegetable Fat (Palm Oil, Emulsifiers (322 from Soy, 492)),Cocoa Powder,Milk Solids, Salt, Emulsifier (322 from Soy), Natural Flavouring),Margarine (Palm Oil, Water, Salt, Emulsifiers(471, 472c),Antioxidant (304),Colour (160a)), Milk Chocolate (7%)(Sugar, Milk Solids, Cocoa Butter,Cocoa Mass,Emulsifier(322 from Soy)) White Compound Chocolate (6%) (Sugar,Vegetable Fat (Palm Oil, Emulsifiers (322 from Soy, 492)),Milk Solids, Natural Flavour),Natural Flavouring, RaisingAgent (500), Vegetable Gum (415), Salt.",
                  "colour": null,
                  "manufacturer": null,
                  "sapcategoryno": "56",
                  "storageinstructions": null,
                  "tgawarnings": null,
                  "piesdepartmentnamesjson": "[\"Bakery\",\"Lunch Box\"]",
                  "brand": "woolworths",
                  "oilfree": null,
                  "fragrance": null,
                  "antibacterial": "False",
                  "non-comedogenic": null,
                  "antiseptic": "False",
                  "bpafree": "False",
                  "vendorcostprice": null,
                  "description": "<br/><br/> <a href=\"https://www.woolworths.com.au/shop/discover/our-brands/christmas?icmpid=sm-christmas-2023-pdp\" target=\"_blank\">Click here</a> to discover more products in our Woolworths Own Brand range.",
                  "sweatresistant": null,
                  "sapsubcategoryno": "978",
                  "antioxidant": "False",
                  "claims": null,
                  "phbalanced": null,
                  "wool_dietaryclaim": null,
                  "ophthalmologisttested": null,
                  "sulfatefree": "False",
                  "servingsperpack-total-nip": null,
                  "piescategorynamesjson": "[\"In-Store Bakery\",\"Snacks\"]",
                  "nutritionalinformation": "{\"Name\":\"Nutritional Information\",\"Attributes\":[{\"Id\":702,\"Name\":\"Calcium Quantity Per 100g - Total - NIP\",\"Value\":\"40mg\",\"Description\":\"Calcium Quantity Per 100g - Total - NIP\",\"SortOrder\":71},{\"Id\":705,\"Name\":\"Carbohydrate Quantity Per 100g - Total - NIP\",\"Value\":\"63.20g\",\"Description\":\"Carbohydrate Quantity Per 100g - Total - NIP\",\"SortOrder\":83},{\"Id\":706,\"Name\":\"Carbohydrate Quantity Per Serve - Total - NIP\",\"Value\":\"40.40g\",\"Description\":\"Carbohydrate Quantity Per Serve - Total - NIP\",\"SortOrder\":87},{\"Id\":714,\"Name\":\"Cholesterol Quantity Per 100g - Total - NIP\",\"Value\":\"14mg\",\"Description\":\"Cholesterol Quantity Per 100g - Total - NIP\",\"SortOrder\":111},{\"Id\":191,\"Name\":\"Dietary Fibre Quantity Per 100g - Total - NIP\",\"Value\":\"2.40g\",\"Description\":\"Dietary Fibre Quantity Per 100g - Total - NIP\",\"SortOrder\":175},{\"Id\":120,\"Name\":\"Dietary Fibre Quantity Per Serve - Total - NIP\",\"Value\":\"1.50g\",\"Description\":\"Dietary Fibre Quantity Per Serve - Total - NIP\",\"SortOrder\":179},{\"Id\":759,\"Name\":\"Energy kJ Quantity Per 100g - Total - NIP\",\"Value\":\"1870.00kJ\",\"Description\":\"Energy kJ Quantity Per 100g - Total - NIP\",\"SortOrder\":239},{\"Id\":760,\"Name\":\"Energy kJ Quantity Per Serve - Total - NIP\",\"Value\":\"1200.00kJ\",\"Description\":\"Energy kJ Quantity Per Serve - Total - NIP\",\"SortOrder\":243},{\"Id\":253,\"Name\":\"Fat Saturated Quantity Per 100g - Total - NIP\",\"Value\":\"12.90g\",\"Description\":\"Fat Saturated Quantity Per 100g - Total - NIP\",\"SortOrder\":251},{\"Id\":258,\"Name\":\"Fat Saturated Quantity Per Serve - Total - NIP\",\"Value\":\"8.30g\",\"Description\":\"Fat Saturated Quantity Per Serve - Total - NIP\",\"SortOrder\":255},{\"Id\":764,\"Name\":\"Fat Total Quantity Per 100g - Total - NIP\",\"Value\":\"18.90g\",\"Description\":\"Fat Total Quantity Per 100g - Total - NIP\",\"SortOrder\":263},{\"Id\":166,\"Name\":\"Fat Total Quantity Per 100g - ValueWord - NIP\",\"Value\":\"18.90\",\"Description\":\"Fat Total Quantity Per 100g - ValueWord - NIP\",\"SortOrder\":264},{\"Id\":264,\"Name\":\"Fat Total Quantity Per Serve - Total - NIP\",\"Value\":\"12.10g\",\"Description\":\"Fat Total Quantity Per Serve - Total - NIP\",\"SortOrder\":267},{\"Id\":402,\"Name\":\"Monounsaturated Quantity Per 100g - Total - NIP\",\"Value\":\"6.83g\",\"Description\":\"Monounsaturated Quantity Per 100g - Total - NIP\",\"SortOrder\":479},{\"Id\":434,\"Name\":\"Polyunsaturated Quantity Per 100g - Total - NIP\",\"Value\":\"1.04g\",\"Description\":\"Polyunsaturated Quantity Per 100g - Total - NIP\",\"SortOrder\":563},{\"Id\":443,\"Name\":\"Potassium Quantity Per 100g - Total - NIP\",\"Value\":\"127mg\",\"Description\":\"Potassium Quantity Per 100g - Total - NIP\",\"SortOrder\":575},{\"Id\":878,\"Name\":\"Protein Quantity Per 100g - Total - NIP\",\"Value\":\"4.40g\",\"Description\":\"Protein Quantity Per 100g - Total - NIP\",\"SortOrder\":587},{\"Id\":882,\"Name\":\"Protein Quantity Per Serve - Total - NIP\",\"Value\":\"2.80g\",\"Description\":\"Protein Quantity Per Serve - Total - NIP\",\"SortOrder\":591},{\"Id\":477,\"Name\":\"Serving Size - Total - NIP\",\"Value\":\"64.00g\",\"Description\":\"Serving Size - Total - NIP\",\"SortOrder\":607},{\"Id\":544,\"Name\":\"Servings Per Pack - Total - NIP\",\"Value\":\"5.00\",\"Description\":\"Servings Per Pack - Total - NIP\",\"SortOrder\":611},{\"Id\":491,\"Name\":\"Sodium Quantity Per 100g - Total - NIP\",\"Value\":\"230.00mg\",\"Description\":\"Sodium Quantity Per 100g - Total - NIP\",\"SortOrder\":623},{\"Id\":495,\"Name\":\"Sodium Quantity Per Serve - Total - NIP\",\"Value\":\"147.00mg\",\"Description\":\"Sodium Quantity Per Serve - Total - NIP\",\"SortOrder\":627},{\"Id\":907,\"Name\":\"Sugars Quantity Per 100g - Prefix - NIP\",\"Value\":null,\"Description\":\"Sugars Quantity Per 100g - Prefix - NIP\",\"SortOrder\":645},{\"Id\":908,\"Name\":\"Sugars Quantity Per 100g - SuffixUnits - NIP\",\"Value\":\"g\",\"Description\":\"Sugars Quantity Per 100g - SuffixUnits - NIP\",\"SortOrder\":646},{\"Id\":909,\"Name\":\"Sugars Quantity Per 100g - Total - NIP\",\"Value\":\"42.30g\",\"Description\":\"Sugars Quantity Per 100g - Total - NIP\",\"SortOrder\":647},{\"Id\":910,\"Name\":\"Sugars Quantity Per 100g - ValueWord - NIP\",\"Value\":\"42.30\",\"Description\":\"Sugars Quantity Per 100g - ValueWord - NIP\",\"SortOrder\":648},{\"Id\":504,\"Name\":\"Sugars Quantity Per Serve - Prefix - NIP\",\"Value\":null,\"Description\":\"Sugars Quantity Per Serve - Prefix - NIP\",\"SortOrder\":649},{\"Id\":911,\"Name\":\"Sugars Quantity Per Serve - SuffixUnits - NIP\",\"Value\":\"g\",\"Description\":\"Sugars Quantity Per Serve - SuffixUnits - NIP\",\"SortOrder\":650},{\"Id\":912,\"Name\":\"Sugars Quantity Per Serve - Total - NIP\",\"Value\":\"27.10g\",\"Description\":\"Sugars Quantity Per Serve - Total - NIP\",\"SortOrder\":651},{\"Id\":572,\"Name\":\"Sugars Quantity Per Serve - ValueWord - NIP\",\"Value\":\"27.10\",\"Description\":\"Sugars Quantity Per Serve - ValueWord - NIP\",\"SortOrder\":652},{\"Id\":593,\"Name\":\"Trans Quantity Per 100g - Total - NIP\",\"Value\":\"143.37mg\",\"Description\":\"Trans Quantity Per 100g - Total - NIP\",\"SortOrder\":667}]}",
                  "ovencook": "False",
                  "vegetarian": "False",
                  "hypo-allergenic": null,
                  "timer": null,
                  "dermatologistrecommended": null,
                  "sapdepartmentno": "45",
                  "allergencontains": null,
                  "waterresistant": null,
                  "friendlydisclaimer": null,
                  "recyclableinformation": null,
                  "usageinstructions": null,
                  "freezable": "False"
              },
              "DetailsImagePaths": [
                  "https://cdn0.woolworths.media/content/wowproductimages/large/421465.jpg"
              ],
              "Variety": "Cookies",
              "Rating": {
                  "ReviewCount": 0,
                  "RatingCount": 0,
                  "RatingSum": 0,
                  "OneStarCount": 0,
                  "TwoStarCount": 0,
                  "ThreeStarCount": 0,
                  "FourStarCount": 0,
                  "FiveStarCount": 0,
                  "Average": 0,
                  "OneStarPercentage": 0,
                  "TwoStarPercentage": 0,
                  "ThreeStarPercentage": 0,
                  "FourStarPercentage": 0,
                  "FiveStarPercentage": 0
              },
              "HasProductSubs": false,
              "IsSponsoredAd": false,
              "AdID": null,
              "AdIndex": null,
              "IsMarketProduct": false,
              "IsGiftable": false,
              "Vendor": null,
              "Untraceable": false,
              "ThirdPartyProductInfo": null,
              "MarketFeatures": null,
              "MarketSpecifications": null,
              "SupplyLimitSource": "ProductLimit",
              "Tags": null,
              "IsPersonalisedByPurchaseHistory": false,
              "IsFromFacetedSearch": false,
              "NextAvailabilityDate": "2024-02-22T00:00:00.0000000Z",
              "NumberOfSubstitutes": 0,
              "IsPrimaryVariant": false,
              "VariantGroupId": 0,
              "HasVariants": false,
              "VariantTitle": null,
              "IsTobacco": false
          }
      ],
      "Name": "Woolworths Dreamy Choc Chip Cookies",
      "DisplayName": "Woolworths Dreamy Choc Chip Cookies 5 Pack"
  },
  {
      "Products": [
          {
              "TileID": 0,
              "Stockcode": 328822,
              "Barcode": "9300633984007",
              "GtinFormat": 13,
              "CupPrice": 1.2,
              "InstoreCupPrice": 1.2,
              "CupMeasure": "100G",
              "CupString": "$1.20 / 100G",
              "InstoreCupString": "$1.20 / 100G",
              "HasCupPrice": true,
              "InstoreHasCupPrice": true,
              "Price": 6,
              "InstorePrice": 6,
              "Name": "Woolworths Banana Bread Slices",
              "DisplayName": "Woolworths Banana Bread Slices 5 Pack",
              "UrlFriendlyName": "woolworths-banana-bread-slices",
              "Description": " Woolworths Banana Bread<br>Slices 5 Pack",
              "SmallImageFile": "https://cdn0.woolworths.media/content/wowproductimages/small/328822.jpg",
              "MediumImageFile": "https://cdn0.woolworths.media/content/wowproductimages/medium/328822.jpg",
              "LargeImageFile": "https://cdn0.woolworths.media/content/wowproductimages/large/328822.jpg",
              "IsNew": false,
              "IsHalfPrice": false,
              "IsOnlineOnly": false,
              "IsOnSpecial": false,
              "InstoreIsOnSpecial": false,
              "IsEdrSpecial": false,
              "SavingsAmount": 0,
              "InstoreSavingsAmount": 0,
              "WasPrice": 6,
              "InstoreWasPrice": 6,
              "QuantityInTrolley": 0,
              "Unit": "Each",
              "MinimumQuantity": 1,
              "HasBeenBoughtBefore": false,
              "IsInTrolley": false,
              "Source": "Aisle.Bakery",
              "SupplyLimit": 16,
              "ProductLimit": 36,
              "MaxSupplyLimitMessage": "16 item(s) left",
              "IsRanged": true,
              "IsInStock": true,
              "PackageSize": "5 Pack",
              "IsPmDelivery": true,
              "IsForCollection": true,
              "IsForDelivery": true,
              "IsForExpress": true,
              "ProductRestrictionMessage": null,
              "ProductWarningMessage": null,
              "CentreTag": {
                  "TagContent": "<span>Range was $6.50 - 10/01/2024</span>",
                  "TagLink": null,
                  "FallbackText": null,
                  "TagType": "Html",
                  "MultibuyData": null,
                  "MemberPriceData": null,
                  "TagContentText": "Range was $6.50 - 10/01/2024",
                  "DualImageTagContent": null,
                  "PromotionType": "NOT_SET",
                  "IsRegisteredRewardCardPromotion": false
              },
              "IsCentreTag": true,
              "ImageTag": {
                  "TagContent": null,
                  "TagLink": null,
                  "FallbackText": "",
                  "TagType": "None",
                  "MultibuyData": null,
                  "MemberPriceData": null,
                  "TagContentText": null,
                  "DualImageTagContent": null,
                  "PromotionType": "NOT_SET",
                  "IsRegisteredRewardCardPromotion": false
              },
              "HeaderTag": {
                  "BackgroundColor": "#fff",
                  "BorderColor": "#c20016",
                  "TextColor": "#c20016",
                  "Content": "<span class=\"u-semibold\">Prices dropped</span>",
                  "TagLink": null,
                  "Promotion": "PriceDropped"
              },
              "HasHeaderTag": true,
              "UnitWeightInGrams": 0,
              "SupplyLimitMessage": "'Woolworths Banana Bread Slices' has a supply limit of 16. The quantity in your cart has been reduced accordingly. To purchase a larger quantity, please contact us on 1800 000 610. Please note we do not supply trade orders.",
              "SmallFormatDescription": "Woolworths Banana Bread Slices",
              "FullDescription": "Woolworths Banana Bread Slices",
              "IsAvailable": true,
              "InstoreIsAvailable": true,
              "IsPurchasable": true,
              "InstoreIsPurchasable": true,
              "AgeRestricted": false,
              "DisplayQuantity": 1,
              "RichDescription": null,
              "HideWasSavedPrice": false,
              "SapCategories": null,
              "Brand": "Woolworths",
              "IsRestrictedByDeliveryMethod": false,
              "FooterTag": {
                  "TagContent": "Price Dropped",
                  "TagLink": null,
                  "FallbackText": null,
                  "TagType": "Html",
                  "MultibuyData": null,
                  "MemberPriceData": null,
                  "TagContentText": null,
                  "DualImageTagContent": null,
                  "PromotionType": "NOT_SET",
                  "IsRegisteredRewardCardPromotion": false
              },
              "IsFooterEnabled": true,
              "Diagnostics": "87",
              "IsBundle": false,
              "IsInFamily": false,
              "ChildProducts": null,
              "UrlOverride": null,
              "AdditionalAttributes": {
                  "boxedcontents": null,
                  "addedvitaminsandminerals": "False",
                  "sapdepartmentname": "PROPRIETARY BAKERY",
                  "spf": null,
                  "haircolour": null,
                  "lifestyleanddietarystatement": "Source of Protein",
                  "sapcategoryname": "PROPRIETARY BAKERY",
                  "skintype": null,
                  "importantinformation": null,
                  "allergystatement": "Fish Free",
                  "productdepthmm": null,
                  "skincondition": null,
                  "ophthalmologistapproved": null,
                  "healthstarrating": "2",
                  "hairtype": null,
                  "fragrance-free": null,
                  "sapsegmentname": "CAKES TO GO/LUNCH BOX",
                  "suitablefor": "Vegetarian",
                  "PiesProductDepartmentsjson": "[{\"Id\":\"1_39FD49C\",\"Description\":\"Pantry\"},{\"Id\":\"1_717445A\",\"Description\":\"Snacks & Confectionery\"},{\"Id\":\"1_9E92C35\",\"Description\":\"Lunch Box\"},{\"Id\":\"1_DEB537E\",\"Description\":\"Bakery\"}]",
                  "piessubcategorynamesjson": "[\"Lunch Box Snacks\",\"Bakery Snacks\",\"Cakes\"]",
                  "sapsegmentno": "3",
                  "productwidthmm": null,
                  "contains": null,
                  "sapsubcategoryname": "RESALE CAKE",
                  "dermatologisttested": null,
                  "wool_productpackaging": null,
                  "dermatologicallyapproved": null,
                  "specialsgroupid": null,
                  "productimages": "328822.jpg,328822_1.jpg,328822_2.jpg,328822_5.jpg,328822_6.jpg,328822_7.jpg",
                  "productheightmm": null,
                  "r&r_hidereviews": null,
                  "microwavesafe": "False",
                  "paba-free": null,
                  "lifestyleclaim": "Vegetarian",
                  "alcoholfree": null,
                  "tgawarning": null,
                  "activeconstituents": null,
                  "microwaveable": "False",
                  "soap-free": null,
                  "countryoforigin": null,
                  "isexcludedfromsubstitution": "False",
                  "productimagecount": "6",
                  "r&r_loggedinreviews": null,
                  "anti-dandruff": null,
                  "servingsize-total-nip": null,
                  "tgahealthwarninglink": null,
                  "allergenmaybepresent": "Tree Nuts, Soy, Sulphites",
                  "PiesProductDepartmentNodeId": "1_39FD49C",
                  "parabenfree": "False",
                  "vendorarticleid": null,
                  "containsgluten": "False",
                  "containsnuts": "False",
                  "ingredients": "Banana Puree (30%) (Australian Bananas, Acidity Regulator (Citric Acid), Antioxidant (Ascorbic Acid)), Wheat Flour (Wheat, Thiamin, Folic Acid), Sugar, Canola Oil, Dried Egg, Greek Style Yoghurt (3%) (Milk, Milk Solids, Starter Culture), Baking Powder (Raising Agent (450, Sodium Carbonate, Wheat Starch)), Raising Agent (Sodium Carbonate), Salt, Dried Egg White, Natural Flavour, Preservative (Potassium Sorbate)",
                  "colour": null,
                  "manufacturer": null,
                  "sapcategoryno": "60",
                  "storageinstructions": "Product Previously Frozen",
                  "tgawarnings": null,
                  "piesdepartmentnamesjson": "[\"Pantry\",\"Snacks & Confectionery\",\"Lunch Box\",\"Bakery\"]",
                  "brand": "woolworths",
                  "oilfree": null,
                  "fragrance": null,
                  "antibacterial": "False",
                  "non-comedogenic": null,
                  "antiseptic": "False",
                  "bpafree": "False",
                  "vendorcostprice": null,
                  "description": "Woolworths Bakery Sliced Banana Bread is seriously a-peeling! Stuffed with the creamy sweetness of Australian bananas, our epic Banana Bread is packed with tasty flavours and comes conveniently sliced for a ready-to-serve treat.<br/><br/>Grab a slice of our Banana Bread as an anytime snack or serve up for a super-quick and easy dessert. For even more deliciousness, serve our Sliced Banana Bread warm with lashings of butter and drizzle with a little honey.",
                  "sweatresistant": null,
                  "sapsubcategoryno": "954",
                  "antioxidant": "False",
                  "claims": null,
                  "phbalanced": null,
                  "wool_dietaryclaim": null,
                  "ophthalmologisttested": null,
                  "sulfatefree": "False",
                  "servingsperpack-total-nip": null,
                  "piescategorynamesjson": "[\"Snacks\",\"Snacks\",\"Packaged Bread & Bakery\"]",
                  "nutritionalinformation": "{\"Name\":\"Nutritional Information\",\"Attributes\":[{\"Id\":702,\"Name\":\"Calcium Quantity Per 100g - Total - NIP\",\"Value\":\"44mg\",\"Description\":\"Calcium Quantity Per 100g - Total - NIP\",\"SortOrder\":71},{\"Id\":47,\"Name\":\"Calcium Quantity Per Serve - Total - NIP\",\"Value\":\"44mg\",\"Description\":\"Calcium Quantity Per Serve - Total - NIP\",\"SortOrder\":75},{\"Id\":705,\"Name\":\"Carbohydrate Quantity Per 100g - Total - NIP\",\"Value\":\"48.00g\",\"Description\":\"Carbohydrate Quantity Per 100g - Total - NIP\",\"SortOrder\":83},{\"Id\":706,\"Name\":\"Carbohydrate Quantity Per Serve - Total - NIP\",\"Value\":\"48.00g\",\"Description\":\"Carbohydrate Quantity Per Serve - Total - NIP\",\"SortOrder\":87},{\"Id\":714,\"Name\":\"Cholesterol Quantity Per 100g - Total - NIP\",\"Value\":\"80mg\",\"Description\":\"Cholesterol Quantity Per 100g - Total - NIP\",\"SortOrder\":111},{\"Id\":125,\"Name\":\"Cholesterol Quantity Per Serve - Total - NIP\",\"Value\":\"80mg\",\"Description\":\"Cholesterol Quantity Per Serve - Total - NIP\",\"SortOrder\":115},{\"Id\":191,\"Name\":\"Dietary Fibre Quantity Per 100g - Total - NIP\",\"Value\":\"1.00g\",\"Description\":\"Dietary Fibre Quantity Per 100g - Total - NIP\",\"SortOrder\":175},{\"Id\":120,\"Name\":\"Dietary Fibre Quantity Per Serve - Total - NIP\",\"Value\":\"1.00g\",\"Description\":\"Dietary Fibre Quantity Per Serve - Total - NIP\",\"SortOrder\":179},{\"Id\":759,\"Name\":\"Energy kJ Quantity Per 100g - Total - NIP\",\"Value\":\"1430.00kJ\",\"Description\":\"Energy kJ Quantity Per 100g - Total - NIP\",\"SortOrder\":239},{\"Id\":760,\"Name\":\"Energy kJ Quantity Per Serve - Total - NIP\",\"Value\":\"1430.00kJ\",\"Description\":\"Energy kJ Quantity Per Serve - Total - NIP\",\"SortOrder\":243},{\"Id\":253,\"Name\":\"Fat Saturated Quantity Per 100g - Total - NIP\",\"Value\":\"1.70g\",\"Description\":\"Fat Saturated Quantity Per 100g - Total - NIP\",\"SortOrder\":251},{\"Id\":258,\"Name\":\"Fat Saturated Quantity Per Serve - Total - NIP\",\"Value\":\"1.70g\",\"Description\":\"Fat Saturated Quantity Per Serve - Total - NIP\",\"SortOrder\":255},{\"Id\":764,\"Name\":\"Fat Total Quantity Per 100g - Total - NIP\",\"Value\":\"13.80g\",\"Description\":\"Fat Total Quantity Per 100g - Total - NIP\",\"SortOrder\":263},{\"Id\":166,\"Name\":\"Fat Total Quantity Per 100g - ValueWord - NIP\",\"Value\":\"13.80\",\"Description\":\"Fat Total Quantity Per 100g - ValueWord - NIP\",\"SortOrder\":264},{\"Id\":264,\"Name\":\"Fat Total Quantity Per Serve - Total - NIP\",\"Value\":\"13.80g\",\"Description\":\"Fat Total Quantity Per Serve - Total - NIP\",\"SortOrder\":267},{\"Id\":402,\"Name\":\"Monounsaturated Quantity Per 100g - Total - NIP\",\"Value\":\"5.34g\",\"Description\":\"Monounsaturated Quantity Per 100g - Total - NIP\",\"SortOrder\":479},{\"Id\":834,\"Name\":\"Monounsaturated Quantity Per Serve - Total - NIP\",\"Value\":\"5.34g\",\"Description\":\"Monounsaturated Quantity Per Serve - Total - NIP\",\"SortOrder\":483},{\"Id\":434,\"Name\":\"Polyunsaturated Quantity Per 100g - Total - NIP\",\"Value\":\"1.14g\",\"Description\":\"Polyunsaturated Quantity Per 100g - Total - NIP\",\"SortOrder\":563},{\"Id\":435,\"Name\":\"Polyunsaturated Quantity Per Serve - Total - NIP\",\"Value\":\"1.14g\",\"Description\":\"Polyunsaturated Quantity Per Serve - Total - NIP\",\"SortOrder\":567},{\"Id\":443,\"Name\":\"Potassium Quantity Per 100g - Total - NIP\",\"Value\":\"236mg\",\"Description\":\"Potassium Quantity Per 100g - Total - NIP\",\"SortOrder\":575},{\"Id\":493,\"Name\":\"Potassium Quantity Per Serve - Total - NIP\",\"Value\":\"236mg\",\"Description\":\"Potassium Quantity Per Serve - Total - NIP\",\"SortOrder\":579},{\"Id\":878,\"Name\":\"Protein Quantity Per 100g - Total - NIP\",\"Value\":\"5.90g\",\"Description\":\"Protein Quantity Per 100g - Total - NIP\",\"SortOrder\":587},{\"Id\":882,\"Name\":\"Protein Quantity Per Serve - Total - NIP\",\"Value\":\"5.90g\",\"Description\":\"Protein Quantity Per Serve - Total - NIP\",\"SortOrder\":591},{\"Id\":477,\"Name\":\"Serving Size - Total - NIP\",\"Value\":\"100.00g\",\"Description\":\"Serving Size - Total - NIP\",\"SortOrder\":607},{\"Id\":544,\"Name\":\"Servings Per Pack - Total - NIP\",\"Value\":\"5.00\",\"Description\":\"Servings Per Pack - Total - NIP\",\"SortOrder\":611},{\"Id\":491,\"Name\":\"Sodium Quantity Per 100g - Total - NIP\",\"Value\":\"250.00mg\",\"Description\":\"Sodium Quantity Per 100g - Total - NIP\",\"SortOrder\":623},{\"Id\":495,\"Name\":\"Sodium Quantity Per Serve - Total - NIP\",\"Value\":\"250.00mg\",\"Description\":\"Sodium Quantity Per Serve - Total - NIP\",\"SortOrder\":627},{\"Id\":907,\"Name\":\"Sugars Quantity Per 100g - Prefix - NIP\",\"Value\":\"Approx. \",\"Description\":\"Sugars Quantity Per 100g - Prefix - NIP\",\"SortOrder\":645},{\"Id\":908,\"Name\":\"Sugars Quantity Per 100g - SuffixUnits - NIP\",\"Value\":\"g\",\"Description\":\"Sugars Quantity Per 100g - SuffixUnits - NIP\",\"SortOrder\":646},{\"Id\":909,\"Name\":\"Sugars Quantity Per 100g - Total - NIP\",\"Value\":\"29.00g\",\"Description\":\"Sugars Quantity Per 100g - Total - NIP\",\"SortOrder\":647},{\"Id\":910,\"Name\":\"Sugars Quantity Per 100g - ValueWord - NIP\",\"Value\":\"29.00\",\"Description\":\"Sugars Quantity Per 100g - ValueWord - NIP\",\"SortOrder\":648},{\"Id\":504,\"Name\":\"Sugars Quantity Per Serve - Prefix - NIP\",\"Value\":\"Approx. \",\"Description\":\"Sugars Quantity Per Serve - Prefix - NIP\",\"SortOrder\":649},{\"Id\":911,\"Name\":\"Sugars Quantity Per Serve - SuffixUnits - NIP\",\"Value\":\"g\",\"Description\":\"Sugars Quantity Per Serve - SuffixUnits - NIP\",\"SortOrder\":650},{\"Id\":912,\"Name\":\"Sugars Quantity Per Serve - Total - NIP\",\"Value\":\"29.00g\",\"Description\":\"Sugars Quantity Per Serve - Total - NIP\",\"SortOrder\":651},{\"Id\":572,\"Name\":\"Sugars Quantity Per Serve - ValueWord - NIP\",\"Value\":\"29.00\",\"Description\":\"Sugars Quantity Per Serve - ValueWord - NIP\",\"SortOrder\":652},{\"Id\":593,\"Name\":\"Trans Quantity Per 100g - Total - NIP\",\"Value\":\"<0.1g\",\"Description\":\"Trans Quantity Per 100g - Total - NIP\",\"SortOrder\":667},{\"Id\":510,\"Name\":\"Trans Quantity Per Serve - Total - NIP\",\"Value\":\"<0.1g\",\"Description\":\"Trans Quantity Per Serve - Total - NIP\",\"SortOrder\":671}]}",
                  "ovencook": "False",
                  "vegetarian": "False",
                  "hypo-allergenic": null,
                  "timer": null,
                  "dermatologistrecommended": null,
                  "sapdepartmentno": "47",
                  "allergencontains": "Egg, Milk, Gluten, Wheat",
                  "waterresistant": null,
                  "friendlydisclaimer": null,
                  "recyclableinformation": null,
                  "usageinstructions": null,
                  "freezable": "False"
              },
              "DetailsImagePaths": [
                  "https://cdn0.woolworths.media/content/wowproductimages/large/328822.jpg"
              ],
              "Variety": "Slices",
              "Rating": {
                  "ReviewCount": 0,
                  "RatingCount": 0,
                  "RatingSum": 0,
                  "OneStarCount": 0,
                  "TwoStarCount": 0,
                  "ThreeStarCount": 0,
                  "FourStarCount": 0,
                  "FiveStarCount": 0,
                  "Average": 0,
                  "OneStarPercentage": 0,
                  "TwoStarPercentage": 0,
                  "ThreeStarPercentage": 0,
                  "FourStarPercentage": 0,
                  "FiveStarPercentage": 0
              },
              "HasProductSubs": false,
              "IsSponsoredAd": false,
              "AdID": null,
              "AdIndex": null,
              "IsMarketProduct": false,
              "IsGiftable": false,
              "Vendor": null,
              "Untraceable": false,
              "ThirdPartyProductInfo": null,
              "MarketFeatures": null,
              "MarketSpecifications": null,
              "SupplyLimitSource": "StockQuantity",
              "Tags": [
                  {
                      "Content": {
                          "Type": "Label",
                          "Position": "Top",
                          "Attributes": {
                              "Text": "<span class=\"u-semibold\">Prices dropped</span>",
                              "Promotion": "PriceDropped",
                              "BackgroundColor": "#fff",
                              "BorderColor": "#c20016",
                              "TextColor": "#c20016"
                          }
                      },
                      "TemplateId": null,
                      "Metadata": null
                  },
                  {
                      "Content": {
                          "Type": "PromotionInformation",
                          "Position": "Top",
                          "Attributes": {
                              "TagLink": null,
                              "Text": "Range was $6.50 - 10/01/2024",
                              "Html": "<span>Range was $6.50 - 10/01/2024</span>",
                              "IsRegisteredRewardCardPromotion": "False"
                          }
                      },
                      "TemplateId": null,
                      "Metadata": null
                  }
              ],
              "IsPersonalisedByPurchaseHistory": false,
              "IsFromFacetedSearch": false,
              "NextAvailabilityDate": "2024-02-22T00:00:00.0000000Z",
              "NumberOfSubstitutes": 0,
              "IsPrimaryVariant": false,
              "VariantGroupId": 0,
              "HasVariants": false,
              "VariantTitle": null,
              "IsTobacco": false
          }
      ],
      "Name": "Woolworths Banana Bread Slices",
      "DisplayName": "Woolworths Banana Bread Slices 5 Pack"
  },
  {
      "Products": [
          {
              "TileID": 0,
              "Stockcode": 607875,
              "Barcode": "9317005553853",
              "GtinFormat": 13,
              "CupPrice": 1.47,
              "InstoreCupPrice": 1.47,
              "CupMeasure": "100G",
              "CupString": "$1.47 / 100G",
              "InstoreCupString": "$1.47 / 100G",
              "HasCupPrice": true,
              "InstoreHasCupPrice": true,
              "Price": 4.7,
              "InstorePrice": 4.7,
              "Name": "Woolworths Mini Banana Muffin",
              "DisplayName": "Woolworths Mini Banana Muffin 8 Pack",
              "UrlFriendlyName": "woolworths-mini-banana-muffin",
              "Description": " Woolworths Mini Banana<br>Muffin  8 Pack",
              "SmallImageFile": "https://cdn0.woolworths.media/content/wowproductimages/small/607875.jpg",
              "MediumImageFile": "https://cdn0.woolworths.media/content/wowproductimages/medium/607875.jpg",
              "LargeImageFile": "https://cdn0.woolworths.media/content/wowproductimages/large/607875.jpg",
              "IsNew": false,
              "IsHalfPrice": false,
              "IsOnlineOnly": false,
              "IsOnSpecial": false,
              "InstoreIsOnSpecial": false,
              "IsEdrSpecial": false,
              "SavingsAmount": 0,
              "InstoreSavingsAmount": 0,
              "WasPrice": 4.7,
              "InstoreWasPrice": 4.7,
              "QuantityInTrolley": 0,
              "Unit": "Each",
              "MinimumQuantity": 1,
              "HasBeenBoughtBefore": false,
              "IsInTrolley": false,
              "Source": "Aisle.Bakery",
              "SupplyLimit": 12,
              "ProductLimit": 36,
              "MaxSupplyLimitMessage": "12 item(s) left",
              "IsRanged": true,
              "IsInStock": true,
              "PackageSize": "8 Pack",
              "IsPmDelivery": true,
              "IsForCollection": true,
              "IsForDelivery": true,
              "IsForExpress": true,
              "ProductRestrictionMessage": null,
              "ProductWarningMessage": null,
              "CentreTag": {
                  "TagContent": null,
                  "TagLink": null,
                  "FallbackText": null,
                  "TagType": "None",
                  "MultibuyData": null,
                  "MemberPriceData": null,
                  "TagContentText": null,
                  "DualImageTagContent": null,
                  "PromotionType": "NOT_SET",
                  "IsRegisteredRewardCardPromotion": false
              },
              "IsCentreTag": false,
              "ImageTag": {
                  "TagContent": null,
                  "TagLink": null,
                  "FallbackText": "",
                  "TagType": "None",
                  "MultibuyData": null,
                  "MemberPriceData": null,
                  "TagContentText": null,
                  "DualImageTagContent": null,
                  "PromotionType": "NOT_SET",
                  "IsRegisteredRewardCardPromotion": false
              },
              "HeaderTag": {
                  "BackgroundColor": "#c20016",
                  "BorderColor": "#c20016",
                  "TextColor": "#fff",
                  "Content": "LOW PRICE",
                  "TagLink": null,
                  "Promotion": "LowPrice"
              },
              "HasHeaderTag": true,
              "UnitWeightInGrams": 0,
              "SupplyLimitMessage": "'Woolworths Mini Banana Muffin' has a supply limit of 12. The quantity in your cart has been reduced accordingly. To purchase a larger quantity, please contact us on 1800 000 610. Please note we do not supply trade orders.",
              "SmallFormatDescription": "Woolworths Mini Banana Muffin ",
              "FullDescription": "Woolworths Mini Banana Muffin ",
              "IsAvailable": true,
              "InstoreIsAvailable": true,
              "IsPurchasable": true,
              "InstoreIsPurchasable": true,
              "AgeRestricted": false,
              "DisplayQuantity": 1,
              "RichDescription": null,
              "HideWasSavedPrice": false,
              "SapCategories": null,
              "Brand": "Woolworths",
              "IsRestrictedByDeliveryMethod": false,
              "FooterTag": {
                  "TagContent": "Lower Price Always",
                  "TagLink": null,
                  "FallbackText": null,
                  "TagType": "Html",
                  "MultibuyData": null,
                  "MemberPriceData": null,
                  "TagContentText": null,
                  "DualImageTagContent": null,
                  "PromotionType": "NOT_SET",
                  "IsRegisteredRewardCardPromotion": false
              },
              "IsFooterEnabled": true,
              "Diagnostics": "88",
              "IsBundle": false,
              "IsInFamily": false,
              "ChildProducts": null,
              "UrlOverride": null,
              "AdditionalAttributes": {
                  "boxedcontents": null,
                  "addedvitaminsandminerals": "False",
                  "sapdepartmentname": "BAKEHOUSE",
                  "spf": null,
                  "haircolour": null,
                  "lifestyleanddietarystatement": "Vegetarian",
                  "sapcategoryname": "INSTORE BAKERY",
                  "skintype": null,
                  "importantinformation": null,
                  "allergystatement": "Fish Free",
                  "productdepthmm": null,
                  "skincondition": null,
                  "ophthalmologistapproved": null,
                  "healthstarrating": "2.5",
                  "hairtype": null,
                  "fragrance-free": null,
                  "sapsegmentname": "MUFFINS",
                  "suitablefor": "Vegetarian",
                  "PiesProductDepartmentsjson": "[{\"Id\":\"1_DEB537E\",\"Description\":\"Bakery\"},{\"Id\":\"1_9E92C35\",\"Description\":\"Lunch Box\"}]",
                  "piessubcategorynamesjson": "[\"Muffins, Scones & Cupcakes\",\"Bakery Snacks\"]",
                  "sapsegmentno": "2",
                  "productwidthmm": null,
                  "contains": null,
                  "sapsubcategoryname": "RESALE CAKE INSTORE",
                  "dermatologisttested": null,
                  "wool_productpackaging": null,
                  "dermatologicallyapproved": null,
                  "specialsgroupid": null,
                  "productimages": "607875.jpg,607875_2.jpg,607875_3.jpg,607875_6.jpg,607875_7.jpg,607875_8.jpg",
                  "productheightmm": null,
                  "r&r_hidereviews": null,
                  "microwavesafe": "False",
                  "paba-free": null,
                  "lifestyleclaim": "Vegetarian",
                  "alcoholfree": null,
                  "tgawarning": null,
                  "activeconstituents": null,
                  "microwaveable": "False",
                  "soap-free": null,
                  "countryoforigin": null,
                  "isexcludedfromsubstitution": "False",
                  "productimagecount": "6",
                  "r&r_loggedinreviews": null,
                  "anti-dandruff": null,
                  "servingsize-total-nip": null,
                  "tgahealthwarninglink": null,
                  "allergenmaybepresent": "Peanuts, Tree Nuts, Soy, Sesame, Milk, Pecan, Brazil Nut, Walnut, Almond, Macadamia, HazelNut, Pistachio",
                  "PiesProductDepartmentNodeId": "1_DEB537E",
                  "parabenfree": "False",
                  "vendorarticleid": null,
                  "containsgluten": "False",
                  "containsnuts": "False",
                  "ingredients": "Wheat Flour, Bananas (26%), Sugar, Egg, Canola Oil, Raising Agents (501, 450, 500) (Wheat), Salt, Preservative (202).",
                  "colour": null,
                  "manufacturer": null,
                  "sapcategoryno": "56",
                  "storageinstructions": "This product has been frozen from fresh and thawed for your convenience.;Store in a cool, dry place.",
                  "tgawarnings": null,
                  "piesdepartmentnamesjson": "[\"Bakery\",\"Lunch Box\"]",
                  "brand": "woolworths",
                  "oilfree": null,
                  "fragrance": null,
                  "antibacterial": "False",
                  "non-comedogenic": null,
                  "antiseptic": "False",
                  "bpafree": "False",
                  "vendorcostprice": null,
                  "description": "We're sure you'll go bananas for these light and fluffy mini muffins that are packed with Australian bananas. Featuring the creamy goodness of banana pieces, Woolworths Bakery Banana Mini Muffins are the perfect mix of fruitiness and fluffiness.\n<br/><br/>\nFree from artificial colours and flavours, our mini muffins are the cute snackable treat the whole family will love. Take our Banana Mini Muffins on picnics or grab one when you're in need of an afternoon pick-me-up.",
                  "sweatresistant": null,
                  "sapsubcategoryno": "988",
                  "antioxidant": "False",
                  "claims": null,
                  "phbalanced": null,
                  "wool_dietaryclaim": null,
                  "ophthalmologisttested": null,
                  "sulfatefree": "False",
                  "servingsperpack-total-nip": null,
                  "piescategorynamesjson": "[\"Packaged Bread & Bakery\",\"Snacks\"]",
                  "nutritionalinformation": "{\"Name\":\"Nutritional Information\",\"Attributes\":[{\"Id\":702,\"Name\":\"Calcium Quantity Per 100g - Total - NIP\",\"Value\":\"60mg\",\"Description\":\"Calcium Quantity Per 100g - Total - NIP\",\"SortOrder\":71},{\"Id\":47,\"Name\":\"Calcium Quantity Per Serve - Total - NIP\",\"Value\":\"24mg\",\"Description\":\"Calcium Quantity Per Serve - Total - NIP\",\"SortOrder\":75},{\"Id\":705,\"Name\":\"Carbohydrate Quantity Per 100g - Total - NIP\",\"Value\":\"48.40g\",\"Description\":\"Carbohydrate Quantity Per 100g - Total - NIP\",\"SortOrder\":83},{\"Id\":706,\"Name\":\"Carbohydrate Quantity Per Serve - Total - NIP\",\"Value\":\"19.40g\",\"Description\":\"Carbohydrate Quantity Per Serve - Total - NIP\",\"SortOrder\":87},{\"Id\":714,\"Name\":\"Cholesterol Quantity Per 100g - Total - NIP\",\"Value\":\"63mg\",\"Description\":\"Cholesterol Quantity Per 100g - Total - NIP\",\"SortOrder\":111},{\"Id\":125,\"Name\":\"Cholesterol Quantity Per Serve - Total - NIP\",\"Value\":\"25.2mg\",\"Description\":\"Cholesterol Quantity Per Serve - Total - NIP\",\"SortOrder\":115},{\"Id\":191,\"Name\":\"Dietary Fibre Quantity Per 100g - Total - NIP\",\"Value\":\"2.30g\",\"Description\":\"Dietary Fibre Quantity Per 100g - Total - NIP\",\"SortOrder\":175},{\"Id\":120,\"Name\":\"Dietary Fibre Quantity Per Serve - Total - NIP\",\"Value\":\"<0.90g\",\"Description\":\"Dietary Fibre Quantity Per Serve - Total - NIP\",\"SortOrder\":179},{\"Id\":759,\"Name\":\"Energy kJ Quantity Per 100g - Total - NIP\",\"Value\":\"1440.00kJ\",\"Description\":\"Energy kJ Quantity Per 100g - Total - NIP\",\"SortOrder\":239},{\"Id\":760,\"Name\":\"Energy kJ Quantity Per Serve - Total - NIP\",\"Value\":\"576.00kJ\",\"Description\":\"Energy kJ Quantity Per Serve - Total - NIP\",\"SortOrder\":243},{\"Id\":253,\"Name\":\"Fat Saturated Quantity Per 100g - Total - NIP\",\"Value\":\"1.40g\",\"Description\":\"Fat Saturated Quantity Per 100g - Total - NIP\",\"SortOrder\":251},{\"Id\":258,\"Name\":\"Fat Saturated Quantity Per Serve - Total - NIP\",\"Value\":\"0.60g\",\"Description\":\"Fat Saturated Quantity Per Serve - Total - NIP\",\"SortOrder\":255},{\"Id\":764,\"Name\":\"Fat Total Quantity Per 100g - Total - NIP\",\"Value\":\"13.80g\",\"Description\":\"Fat Total Quantity Per 100g - Total - NIP\",\"SortOrder\":263},{\"Id\":166,\"Name\":\"Fat Total Quantity Per 100g - ValueWord - NIP\",\"Value\":\"13.80\",\"Description\":\"Fat Total Quantity Per 100g - ValueWord - NIP\",\"SortOrder\":264},{\"Id\":264,\"Name\":\"Fat Total Quantity Per Serve - Total - NIP\",\"Value\":\"5.50g\",\"Description\":\"Fat Total Quantity Per Serve - Total - NIP\",\"SortOrder\":267},{\"Id\":402,\"Name\":\"Monounsaturated Quantity Per 100g - Total - NIP\",\"Value\":\"4.69g\",\"Description\":\"Monounsaturated Quantity Per 100g - Total - NIP\",\"SortOrder\":479},{\"Id\":834,\"Name\":\"Monounsaturated Quantity Per Serve - Total - NIP\",\"Value\":\"1.88g\",\"Description\":\"Monounsaturated Quantity Per Serve - Total - NIP\",\"SortOrder\":483},{\"Id\":434,\"Name\":\"Polyunsaturated Quantity Per 100g - Total - NIP\",\"Value\":\"1.1g\",\"Description\":\"Polyunsaturated Quantity Per 100g - Total - NIP\",\"SortOrder\":563},{\"Id\":435,\"Name\":\"Polyunsaturated Quantity Per Serve - Total - NIP\",\"Value\":\"0.44g\",\"Description\":\"Polyunsaturated Quantity Per Serve - Total - NIP\",\"SortOrder\":567},{\"Id\":443,\"Name\":\"Potassium Quantity Per 100g - Total - NIP\",\"Value\":\"172mg\",\"Description\":\"Potassium Quantity Per 100g - Total - NIP\",\"SortOrder\":575},{\"Id\":493,\"Name\":\"Potassium Quantity Per Serve - Total - NIP\",\"Value\":\"68.8mg\",\"Description\":\"Potassium Quantity Per Serve - Total - NIP\",\"SortOrder\":579},{\"Id\":878,\"Name\":\"Protein Quantity Per 100g - Total - NIP\",\"Value\":\"5.20g\",\"Description\":\"Protein Quantity Per 100g - Total - NIP\",\"SortOrder\":587},{\"Id\":882,\"Name\":\"Protein Quantity Per Serve - Total - NIP\",\"Value\":\"2.10g\",\"Description\":\"Protein Quantity Per Serve - Total - NIP\",\"SortOrder\":591},{\"Id\":477,\"Name\":\"Serving Size - Total - NIP\",\"Value\":\"40g\",\"Description\":\"Serving Size - Total - NIP\",\"SortOrder\":607},{\"Id\":544,\"Name\":\"Servings Per Pack - Total - NIP\",\"Value\":\"8\",\"Description\":\"Servings Per Pack - Total - NIP\",\"SortOrder\":611},{\"Id\":491,\"Name\":\"Sodium Quantity Per 100g - Total - NIP\",\"Value\":\"266.00mg\",\"Description\":\"Sodium Quantity Per 100g - Total - NIP\",\"SortOrder\":623},{\"Id\":495,\"Name\":\"Sodium Quantity Per Serve - Total - NIP\",\"Value\":\"106.00mg\",\"Description\":\"Sodium Quantity Per Serve - Total - NIP\",\"SortOrder\":627},{\"Id\":907,\"Name\":\"Sugars Quantity Per 100g - Prefix - NIP\",\"Value\":\"Approx.\",\"Description\":\"Sugars Quantity Per 100g - Prefix - NIP\",\"SortOrder\":645},{\"Id\":908,\"Name\":\"Sugars Quantity Per 100g - SuffixUnits - NIP\",\"Value\":\"g\",\"Description\":\"Sugars Quantity Per 100g - SuffixUnits - NIP\",\"SortOrder\":646},{\"Id\":909,\"Name\":\"Sugars Quantity Per 100g - Total - NIP\",\"Value\":\"26.10g\",\"Description\":\"Sugars Quantity Per 100g - Total - NIP\",\"SortOrder\":647},{\"Id\":910,\"Name\":\"Sugars Quantity Per 100g - ValueWord - NIP\",\"Value\":\"26.10\",\"Description\":\"Sugars Quantity Per 100g - ValueWord - NIP\",\"SortOrder\":648},{\"Id\":504,\"Name\":\"Sugars Quantity Per Serve - Prefix - NIP\",\"Value\":\"Approx.\",\"Description\":\"Sugars Quantity Per Serve - Prefix - NIP\",\"SortOrder\":649},{\"Id\":911,\"Name\":\"Sugars Quantity Per Serve - SuffixUnits - NIP\",\"Value\":\"g\",\"Description\":\"Sugars Quantity Per Serve - SuffixUnits - NIP\",\"SortOrder\":650},{\"Id\":912,\"Name\":\"Sugars Quantity Per Serve - Total - NIP\",\"Value\":\"10.40g\",\"Description\":\"Sugars Quantity Per Serve - Total - NIP\",\"SortOrder\":651},{\"Id\":572,\"Name\":\"Sugars Quantity Per Serve - ValueWord - NIP\",\"Value\":\"10.40\",\"Description\":\"Sugars Quantity Per Serve - ValueWord - NIP\",\"SortOrder\":652},{\"Id\":593,\"Name\":\"Trans Quantity Per 100g - Total - NIP\",\"Value\":null,\"Description\":\"Trans Quantity Per 100g - Total - NIP\",\"SortOrder\":667},{\"Id\":510,\"Name\":\"Trans Quantity Per Serve - Total - NIP\",\"Value\":\"<0.1g\",\"Description\":\"Trans Quantity Per Serve - Total - NIP\",\"SortOrder\":671}]}",
                  "ovencook": "False",
                  "vegetarian": "False",
                  "hypo-allergenic": null,
                  "timer": null,
                  "dermatologistrecommended": null,
                  "sapdepartmentno": "45",
                  "allergencontains": "Egg, Gluten, Wheat",
                  "waterresistant": null,
                  "friendlydisclaimer": null,
                  "recyclableinformation": null,
                  "usageinstructions": null,
                  "freezable": "False"
              },
              "DetailsImagePaths": [
                  "https://cdn0.woolworths.media/content/wowproductimages/large/607875.jpg"
              ],
              "Variety": null,
              "Rating": {
                  "ReviewCount": 0,
                  "RatingCount": 0,
                  "RatingSum": 0,
                  "OneStarCount": 0,
                  "TwoStarCount": 0,
                  "ThreeStarCount": 0,
                  "FourStarCount": 0,
                  "FiveStarCount": 0,
                  "Average": 0,
                  "OneStarPercentage": 0,
                  "TwoStarPercentage": 0,
                  "ThreeStarPercentage": 0,
                  "FourStarPercentage": 0,
                  "FiveStarPercentage": 0
              },
              "HasProductSubs": false,
              "IsSponsoredAd": false,
              "AdID": null,
              "AdIndex": null,
              "IsMarketProduct": false,
              "IsGiftable": false,
              "Vendor": null,
              "Untraceable": false,
              "ThirdPartyProductInfo": null,
              "MarketFeatures": null,
              "MarketSpecifications": null,
              "SupplyLimitSource": "StockQuantity",
              "Tags": [
                  {
                      "Content": {
                          "Type": "Label",
                          "Position": "Top",
                          "Attributes": {
                              "Text": "LOW PRICE",
                              "Promotion": "LowPrice",
                              "BackgroundColor": "#c20016",
                              "BorderColor": "#c20016",
                              "TextColor": "#fff"
                          }
                      },
                      "TemplateId": null,
                      "Metadata": null
                  }
              ],
              "IsPersonalisedByPurchaseHistory": false,
              "IsFromFacetedSearch": false,
              "NextAvailabilityDate": "2024-02-22T00:00:00.0000000Z",
              "NumberOfSubstitutes": 0,
              "IsPrimaryVariant": false,
              "VariantGroupId": 0,
              "HasVariants": false,
              "VariantTitle": null,
              "IsTobacco": false
          }
      ],
      "Name": "Woolworths Mini Banana Muffin",
      "DisplayName": "Woolworths Mini Banana Muffin 8 Pack"
  },
  {
      "Products": [
          {
              "TileID": 0,
              "Stockcode": 883004,
              "Barcode": "9300633522087",
              "GtinFormat": 13,
              "CupPrice": 1.47,
              "InstoreCupPrice": 1.47,
              "CupMeasure": "100G",
              "CupString": "$1.47 / 100G",
              "InstoreCupString": "$1.47 / 100G",
              "HasCupPrice": true,
              "InstoreHasCupPrice": true,
              "Price": 4.7,
              "InstorePrice": 4.7,
              "Name": "Woolworths Mini Choc Chip Muffin",
              "DisplayName": "Woolworths Mini Choc Chip Muffin 8 Pack",
              "UrlFriendlyName": "woolworths-mini-choc-chip-muffin",
              "Description": " Woolworths Mini Choc Chip<br>Muffin 8 Pack",
              "SmallImageFile": "https://cdn0.woolworths.media/content/wowproductimages/small/883004.jpg",
              "MediumImageFile": "https://cdn0.woolworths.media/content/wowproductimages/medium/883004.jpg",
              "LargeImageFile": "https://cdn0.woolworths.media/content/wowproductimages/large/883004.jpg",
              "IsNew": false,
              "IsHalfPrice": false,
              "IsOnlineOnly": false,
              "IsOnSpecial": false,
              "InstoreIsOnSpecial": false,
              "IsEdrSpecial": false,
              "SavingsAmount": 0,
              "InstoreSavingsAmount": 0,
              "WasPrice": 4.7,
              "InstoreWasPrice": 4.7,
              "QuantityInTrolley": 0,
              "Unit": "Each",
              "MinimumQuantity": 1,
              "HasBeenBoughtBefore": false,
              "IsInTrolley": false,
              "Source": "Aisle.Bakery",
              "SupplyLimit": 13,
              "ProductLimit": 36,
              "MaxSupplyLimitMessage": "13 item(s) left",
              "IsRanged": true,
              "IsInStock": true,
              "PackageSize": "8 Pack",
              "IsPmDelivery": true,
              "IsForCollection": true,
              "IsForDelivery": true,
              "IsForExpress": true,
              "ProductRestrictionMessage": null,
              "ProductWarningMessage": null,
              "CentreTag": {
                  "TagContent": null,
                  "TagLink": null,
                  "FallbackText": null,
                  "TagType": "None",
                  "MultibuyData": null,
                  "MemberPriceData": null,
                  "TagContentText": null,
                  "DualImageTagContent": null,
                  "PromotionType": "NOT_SET",
                  "IsRegisteredRewardCardPromotion": false
              },
              "IsCentreTag": false,
              "ImageTag": {
                  "TagContent": null,
                  "TagLink": null,
                  "FallbackText": "",
                  "TagType": "None",
                  "MultibuyData": null,
                  "MemberPriceData": null,
                  "TagContentText": null,
                  "DualImageTagContent": null,
                  "PromotionType": "NOT_SET",
                  "IsRegisteredRewardCardPromotion": false
              },
              "HeaderTag": {
                  "BackgroundColor": "#c20016",
                  "BorderColor": "#c20016",
                  "TextColor": "#fff",
                  "Content": "LOW PRICE",
                  "TagLink": null,
                  "Promotion": "LowPrice"
              },
              "HasHeaderTag": true,
              "UnitWeightInGrams": 0,
              "SupplyLimitMessage": "'Woolworths Mini Choc Chip Muffin' has a supply limit of 13. The quantity in your cart has been reduced accordingly. To purchase a larger quantity, please contact us on 1800 000 610. Please note we do not supply trade orders.",
              "SmallFormatDescription": "Woolworths Mini Choc Chip Muffin",
              "FullDescription": "Woolworths Mini Choc Chip Muffin",
              "IsAvailable": true,
              "InstoreIsAvailable": true,
              "IsPurchasable": true,
              "InstoreIsPurchasable": true,
              "AgeRestricted": false,
              "DisplayQuantity": 1,
              "RichDescription": null,
              "HideWasSavedPrice": false,
              "SapCategories": null,
              "Brand": "Woolworths",
              "IsRestrictedByDeliveryMethod": false,
              "FooterTag": {
                  "TagContent": "Lower Price Always",
                  "TagLink": null,
                  "FallbackText": null,
                  "TagType": "Html",
                  "MultibuyData": null,
                  "MemberPriceData": null,
                  "TagContentText": null,
                  "DualImageTagContent": null,
                  "PromotionType": "NOT_SET",
                  "IsRegisteredRewardCardPromotion": false
              },
              "IsFooterEnabled": true,
              "Diagnostics": "89",
              "IsBundle": false,
              "IsInFamily": false,
              "ChildProducts": null,
              "UrlOverride": null,
              "AdditionalAttributes": {
                  "boxedcontents": null,
                  "addedvitaminsandminerals": "False",
                  "sapdepartmentname": "BAKEHOUSE",
                  "spf": null,
                  "haircolour": null,
                  "lifestyleanddietarystatement": null,
                  "sapcategoryname": "INSTORE BAKERY",
                  "skintype": null,
                  "importantinformation": null,
                  "allergystatement": "Fish Free",
                  "productdepthmm": null,
                  "skincondition": null,
                  "ophthalmologistapproved": null,
                  "healthstarrating": "2",
                  "hairtype": null,
                  "fragrance-free": null,
                  "sapsegmentname": "MUFFINS",
                  "suitablefor": "Vegetarian",
                  "PiesProductDepartmentsjson": "[{\"Id\":\"1_39FD49C\",\"Description\":\"Pantry\"},{\"Id\":\"1_717445A\",\"Description\":\"Snacks & Confectionery\"},{\"Id\":\"1_DEB537E\",\"Description\":\"Bakery\"},{\"Id\":\"1_9E92C35\",\"Description\":\"Lunch Box\"}]",
                  "piessubcategorynamesjson": "[\"Lunch Box Snacks\",\"Muffins, Scones & Cupcakes\",\"Bakery Snacks\"]",
                  "sapsegmentno": "2",
                  "productwidthmm": null,
                  "contains": null,
                  "sapsubcategoryname": "RESALE CAKE INSTORE",
                  "dermatologisttested": null,
                  "wool_productpackaging": null,
                  "dermatologicallyapproved": null,
                  "specialsgroupid": null,
                  "productimages": "883004.jpg,883004_2.jpg,883004_3.jpg,883004_6.jpg,883004_7.jpg,883004_10.jpg",
                  "productheightmm": null,
                  "r&r_hidereviews": null,
                  "microwavesafe": "False",
                  "paba-free": null,
                  "lifestyleclaim": "Vegetarian",
                  "alcoholfree": null,
                  "tgawarning": null,
                  "activeconstituents": null,
                  "microwaveable": "False",
                  "soap-free": null,
                  "countryoforigin": null,
                  "isexcludedfromsubstitution": "False",
                  "productimagecount": "6",
                  "r&r_loggedinreviews": null,
                  "anti-dandruff": null,
                  "servingsize-total-nip": null,
                  "tgahealthwarninglink": null,
                  "allergenmaybepresent": "Peanuts, Tree Nuts, Soy, Sesame, Pecan, Brazil Nut, Walnut, Almond, Macadamia, HazelNut, Pistachio",
                  "PiesProductDepartmentNodeId": "1_39FD49C",
                  "parabenfree": "False",
                  "vendorarticleid": null,
                  "containsgluten": "False",
                  "containsnuts": "False",
                  "ingredients": "Wheat Flour, Water, Sugar, Canola Oil, Dark Chocolate (12%) (Cocoa Solids (50%) (Cocoa Liquor (1), Cocoa Butter (1), Cocoa Powder (1)), Sugar, Vegetable Emulsifier (322 (Sunflower)), Natural Flavour), Dextrose, Egg Powder, Whey Powder (Milk), Raising Agents (450, 501), Thickeners (1422, 415), Salt, Preservative (202), Natural Flavour.(1) Rainforest Alliance Certified. Find out more at ra.org.",
                  "colour": null,
                  "manufacturer": null,
                  "sapcategoryno": "56",
                  "storageinstructions": "This product has been frozen from fresh and thawed for your convenience.;Store in a cool, dry place.",
                  "tgawarnings": null,
                  "piesdepartmentnamesjson": "[\"Pantry\",\"Snacks & Confectionery\",\"Bakery\",\"Lunch Box\"]",
                  "brand": "woolworths",
                  "oilfree": null,
                  "fragrance": null,
                  "antibacterial": "False",
                  "non-comedogenic": null,
                  "antiseptic": "False",
                  "bpafree": "False",
                  "vendorcostprice": null,
                  "description": "Everything's better with chocolate. Which is why we've packed our soft vanilla muffins with delicious dark chocolate chips, for the ultimate flavour combo in an adorably mini snack-sized muffin. Take them with you and enjoy a chocolate fix while you're on the move.\n<br/><br/>\nLight and fluffy with a delicate vanilla flavour, Woolworths Chocolate Chip Mini Muffins contain plenty of tasty choc chips, but no artificial colours or flavours. Choc chip hooray!",
                  "sweatresistant": null,
                  "sapsubcategoryno": "988",
                  "antioxidant": "False",
                  "claims": null,
                  "phbalanced": null,
                  "wool_dietaryclaim": null,
                  "ophthalmologisttested": null,
                  "sulfatefree": "False",
                  "servingsperpack-total-nip": null,
                  "piescategorynamesjson": "[\"Snacks\",\"Packaged Bread & Bakery\",\"Snacks\"]",
                  "nutritionalinformation": "{\"Name\":\"Nutritional Information\",\"Attributes\":[{\"Id\":702,\"Name\":\"Calcium Quantity Per 100g - Total - NIP\",\"Value\":\"39mg\",\"Description\":\"Calcium Quantity Per 100g - Total - NIP\",\"SortOrder\":71},{\"Id\":47,\"Name\":\"Calcium Quantity Per Serve - Total - NIP\",\"Value\":\"15.6mg\",\"Description\":\"Calcium Quantity Per Serve - Total - NIP\",\"SortOrder\":75},{\"Id\":705,\"Name\":\"Carbohydrate Quantity Per 100g - Total - NIP\",\"Value\":\"47.80g\",\"Description\":\"Carbohydrate Quantity Per 100g - Total - NIP\",\"SortOrder\":83},{\"Id\":706,\"Name\":\"Carbohydrate Quantity Per Serve - Total - NIP\",\"Value\":\"19.10g\",\"Description\":\"Carbohydrate Quantity Per Serve - Total - NIP\",\"SortOrder\":87},{\"Id\":714,\"Name\":\"Cholesterol Quantity Per 100g - Total - NIP\",\"Value\":\"47mg\",\"Description\":\"Cholesterol Quantity Per 100g - Total - NIP\",\"SortOrder\":111},{\"Id\":125,\"Name\":\"Cholesterol Quantity Per Serve - Total - NIP\",\"Value\":\"18.8mg\",\"Description\":\"Cholesterol Quantity Per Serve - Total - NIP\",\"SortOrder\":115},{\"Id\":191,\"Name\":\"Dietary Fibre Quantity Per 100g - Total - NIP\",\"Value\":\"1.80g\",\"Description\":\"Dietary Fibre Quantity Per 100g - Total - NIP\",\"SortOrder\":175},{\"Id\":120,\"Name\":\"Dietary Fibre Quantity Per Serve - Total - NIP\",\"Value\":\"<0.70g\",\"Description\":\"Dietary Fibre Quantity Per Serve - Total - NIP\",\"SortOrder\":179},{\"Id\":759,\"Name\":\"Energy kJ Quantity Per 100g - Total - NIP\",\"Value\":\"1610.00kJ\",\"Description\":\"Energy kJ Quantity Per 100g - Total - NIP\",\"SortOrder\":239},{\"Id\":760,\"Name\":\"Energy kJ Quantity Per Serve - Total - NIP\",\"Value\":\"644.00kJ\",\"Description\":\"Energy kJ Quantity Per Serve - Total - NIP\",\"SortOrder\":243},{\"Id\":253,\"Name\":\"Fat Saturated Quantity Per 100g - Total - NIP\",\"Value\":\"3.60g\",\"Description\":\"Fat Saturated Quantity Per 100g - Total - NIP\",\"SortOrder\":251},{\"Id\":258,\"Name\":\"Fat Saturated Quantity Per Serve - Total - NIP\",\"Value\":\"1.40g\",\"Description\":\"Fat Saturated Quantity Per Serve - Total - NIP\",\"SortOrder\":255},{\"Id\":764,\"Name\":\"Fat Total Quantity Per 100g - Total - NIP\",\"Value\":\"18.80g\",\"Description\":\"Fat Total Quantity Per 100g - Total - NIP\",\"SortOrder\":263},{\"Id\":166,\"Name\":\"Fat Total Quantity Per 100g - ValueWord - NIP\",\"Value\":\"18.80\",\"Description\":\"Fat Total Quantity Per 100g - ValueWord - NIP\",\"SortOrder\":264},{\"Id\":264,\"Name\":\"Fat Total Quantity Per Serve - Total - NIP\",\"Value\":\"7.50g\",\"Description\":\"Fat Total Quantity Per Serve - Total - NIP\",\"SortOrder\":267},{\"Id\":402,\"Name\":\"Monounsaturated Quantity Per 100g - Total - NIP\",\"Value\":\"10.39g\",\"Description\":\"Monounsaturated Quantity Per 100g - Total - NIP\",\"SortOrder\":479},{\"Id\":834,\"Name\":\"Monounsaturated Quantity Per Serve - Total - NIP\",\"Value\":\"4.16g\",\"Description\":\"Monounsaturated Quantity Per Serve - Total - NIP\",\"SortOrder\":483},{\"Id\":434,\"Name\":\"Polyunsaturated Quantity Per 100g - Total - NIP\",\"Value\":\"4.6g\",\"Description\":\"Polyunsaturated Quantity Per 100g - Total - NIP\",\"SortOrder\":563},{\"Id\":435,\"Name\":\"Polyunsaturated Quantity Per Serve - Total - NIP\",\"Value\":\"1.84g\",\"Description\":\"Polyunsaturated Quantity Per Serve - Total - NIP\",\"SortOrder\":567},{\"Id\":443,\"Name\":\"Potassium Quantity Per 100g - Total - NIP\",\"Value\":\"304mg\",\"Description\":\"Potassium Quantity Per 100g - Total - NIP\",\"SortOrder\":575},{\"Id\":493,\"Name\":\"Potassium Quantity Per Serve - Total - NIP\",\"Value\":\"121.6mg\",\"Description\":\"Potassium Quantity Per Serve - Total - NIP\",\"SortOrder\":579},{\"Id\":878,\"Name\":\"Protein Quantity Per 100g - Total - NIP\",\"Value\":\"5.40g\",\"Description\":\"Protein Quantity Per 100g - Total - NIP\",\"SortOrder\":587},{\"Id\":882,\"Name\":\"Protein Quantity Per Serve - Total - NIP\",\"Value\":\"2.20g\",\"Description\":\"Protein Quantity Per Serve - Total - NIP\",\"SortOrder\":591},{\"Id\":477,\"Name\":\"Serving Size - Total - NIP\",\"Value\":\"40.00g\",\"Description\":\"Serving Size - Total - NIP\",\"SortOrder\":607},{\"Id\":544,\"Name\":\"Servings Per Pack - Total - NIP\",\"Value\":\"8.00\",\"Description\":\"Servings Per Pack - Total - NIP\",\"SortOrder\":611},{\"Id\":491,\"Name\":\"Sodium Quantity Per 100g - Total - NIP\",\"Value\":\"258.00mg\",\"Description\":\"Sodium Quantity Per 100g - Total - NIP\",\"SortOrder\":623},{\"Id\":495,\"Name\":\"Sodium Quantity Per Serve - Total - NIP\",\"Value\":\"103.00mg\",\"Description\":\"Sodium Quantity Per Serve - Total - NIP\",\"SortOrder\":627},{\"Id\":907,\"Name\":\"Sugars Quantity Per 100g - Prefix - NIP\",\"Value\":\"Approx.\",\"Description\":\"Sugars Quantity Per 100g - Prefix - NIP\",\"SortOrder\":645},{\"Id\":908,\"Name\":\"Sugars Quantity Per 100g - SuffixUnits - NIP\",\"Value\":\"g\",\"Description\":\"Sugars Quantity Per 100g - SuffixUnits - NIP\",\"SortOrder\":646},{\"Id\":909,\"Name\":\"Sugars Quantity Per 100g - Total - NIP\",\"Value\":\"22.90g\",\"Description\":\"Sugars Quantity Per 100g - Total - NIP\",\"SortOrder\":647},{\"Id\":910,\"Name\":\"Sugars Quantity Per 100g - ValueWord - NIP\",\"Value\":\"22.90\",\"Description\":\"Sugars Quantity Per 100g - ValueWord - NIP\",\"SortOrder\":648},{\"Id\":504,\"Name\":\"Sugars Quantity Per Serve - Prefix - NIP\",\"Value\":\"Approx.\",\"Description\":\"Sugars Quantity Per Serve - Prefix - NIP\",\"SortOrder\":649},{\"Id\":911,\"Name\":\"Sugars Quantity Per Serve - SuffixUnits - NIP\",\"Value\":\"g\",\"Description\":\"Sugars Quantity Per Serve - SuffixUnits - NIP\",\"SortOrder\":650},{\"Id\":912,\"Name\":\"Sugars Quantity Per Serve - Total - NIP\",\"Value\":\"9.20g\",\"Description\":\"Sugars Quantity Per Serve - Total - NIP\",\"SortOrder\":651},{\"Id\":572,\"Name\":\"Sugars Quantity Per Serve - ValueWord - NIP\",\"Value\":\"9.20\",\"Description\":\"Sugars Quantity Per Serve - ValueWord - NIP\",\"SortOrder\":652},{\"Id\":593,\"Name\":\"Trans Quantity Per 100g - Total - NIP\",\"Value\":null,\"Description\":\"Trans Quantity Per 100g - Total - NIP\",\"SortOrder\":667},{\"Id\":510,\"Name\":\"Trans Quantity Per Serve - Total - NIP\",\"Value\":\"<0.1g\",\"Description\":\"Trans Quantity Per Serve - Total - NIP\",\"SortOrder\":671}]}",
                  "ovencook": "False",
                  "vegetarian": "False",
                  "hypo-allergenic": null,
                  "timer": null,
                  "dermatologistrecommended": null,
                  "sapdepartmentno": "45",
                  "allergencontains": "Egg, Milk, Gluten, Wheat",
                  "waterresistant": null,
                  "friendlydisclaimer": null,
                  "recyclableinformation": null,
                  "usageinstructions": null,
                  "freezable": "False"
              },
              "DetailsImagePaths": [
                  "https://cdn0.woolworths.media/content/wowproductimages/large/883004.jpg"
              ],
              "Variety": "Muffin",
              "Rating": {
                  "ReviewCount": 0,
                  "RatingCount": 0,
                  "RatingSum": 0,
                  "OneStarCount": 0,
                  "TwoStarCount": 0,
                  "ThreeStarCount": 0,
                  "FourStarCount": 0,
                  "FiveStarCount": 0,
                  "Average": 0,
                  "OneStarPercentage": 0,
                  "TwoStarPercentage": 0,
                  "ThreeStarPercentage": 0,
                  "FourStarPercentage": 0,
                  "FiveStarPercentage": 0
              },
              "HasProductSubs": false,
              "IsSponsoredAd": false,
              "AdID": null,
              "AdIndex": null,
              "IsMarketProduct": false,
              "IsGiftable": false,
              "Vendor": null,
              "Untraceable": false,
              "ThirdPartyProductInfo": null,
              "MarketFeatures": null,
              "MarketSpecifications": null,
              "SupplyLimitSource": "StockQuantity",
              "Tags": [
                  {
                      "Content": {
                          "Type": "Label",
                          "Position": "Top",
                          "Attributes": {
                              "Text": "LOW PRICE",
                              "Promotion": "LowPrice",
                              "BackgroundColor": "#c20016",
                              "BorderColor": "#c20016",
                              "TextColor": "#fff"
                          }
                      },
                      "TemplateId": null,
                      "Metadata": null
                  }
              ],
              "IsPersonalisedByPurchaseHistory": false,
              "IsFromFacetedSearch": false,
              "NextAvailabilityDate": "2024-02-22T00:00:00.0000000Z",
              "NumberOfSubstitutes": 0,
              "IsPrimaryVariant": false,
              "VariantGroupId": 0,
              "HasVariants": false,
              "VariantTitle": null,
              "IsTobacco": false
          }
      ],
      "Name": "Woolworths Mini Choc Chip Muffin",
      "DisplayName": "Woolworths Mini Choc Chip Muffin 8 Pack"
  },
  {
      "Products": [
          {
              "TileID": 0,
              "Stockcode": 75238,
              "Barcode": "9310128002314",
              "GtinFormat": 13,
              "CupPrice": 0.72,
              "InstoreCupPrice": 0.72,
              "CupMeasure": "100G",
              "CupString": "$0.72 / 100G",
              "InstoreCupString": "$0.72 / 100G",
              "HasCupPrice": true,
              "InstoreHasCupPrice": true,
              "Price": 4.9,
              "InstorePrice": 4.9,
              "Name": "Helga's Bread Light Rye",
              "DisplayName": "Helga's Bread Light Rye 680g",
              "UrlFriendlyName": "helga-s-bread-light-rye",
              "Description": " Helga's Bread Light Rye 680G",
              "SmallImageFile": "https://cdn0.woolworths.media/content/wowproductimages/small/075238.jpg",
              "MediumImageFile": "https://cdn0.woolworths.media/content/wowproductimages/medium/075238.jpg",
              "LargeImageFile": "https://cdn0.woolworths.media/content/wowproductimages/large/075238.jpg",
              "IsNew": false,
              "IsHalfPrice": false,
              "IsOnlineOnly": false,
              "IsOnSpecial": false,
              "InstoreIsOnSpecial": false,
              "IsEdrSpecial": false,
              "SavingsAmount": 0,
              "InstoreSavingsAmount": 0,
              "WasPrice": 4.9,
              "InstoreWasPrice": 4.9,
              "QuantityInTrolley": 0,
              "Unit": "Each",
              "MinimumQuantity": 1,
              "HasBeenBoughtBefore": false,
              "IsInTrolley": false,
              "Source": "Aisle.Bakery",
              "SupplyLimit": 36,
              "ProductLimit": 36,
              "MaxSupplyLimitMessage": "36 item limit",
              "IsRanged": true,
              "IsInStock": true,
              "PackageSize": "680G",
              "IsPmDelivery": false,
              "IsForCollection": true,
              "IsForDelivery": true,
              "IsForExpress": true,
              "ProductRestrictionMessage": null,
              "ProductWarningMessage": null,
              "CentreTag": {
                  "TagContent": null,
                  "TagLink": null,
                  "FallbackText": null,
                  "TagType": "None",
                  "MultibuyData": null,
                  "MemberPriceData": null,
                  "TagContentText": null,
                  "DualImageTagContent": null,
                  "PromotionType": "NOT_SET",
                  "IsRegisteredRewardCardPromotion": false
              },
              "IsCentreTag": false,
              "ImageTag": {
                  "TagContent": null,
                  "TagLink": null,
                  "FallbackText": "",
                  "TagType": "None",
                  "MultibuyData": null,
                  "MemberPriceData": null,
                  "TagContentText": null,
                  "DualImageTagContent": null,
                  "PromotionType": "NOT_SET",
                  "IsRegisteredRewardCardPromotion": false
              },
              "HeaderTag": {
                  "BackgroundColor": "#c20016",
                  "BorderColor": "#c20016",
                  "TextColor": "#fff",
                  "Content": "LOW PRICE",
                  "TagLink": null,
                  "Promotion": "LowPrice"
              },
              "HasHeaderTag": true,
              "UnitWeightInGrams": 0,
              "SupplyLimitMessage": "'Helga's Bread Light Rye' has a supply limit of 36. The quantity in your cart has been reduced accordingly. To purchase a larger quantity, please contact us on 1800 000 610. Please note we do not supply trade orders.",
              "SmallFormatDescription": "Helga's Bread Light Rye",
              "FullDescription": "Helga's Bread Light Rye",
              "IsAvailable": true,
              "InstoreIsAvailable": false,
              "IsPurchasable": true,
              "InstoreIsPurchasable": false,
              "AgeRestricted": false,
              "DisplayQuantity": 1,
              "RichDescription": null,
              "HideWasSavedPrice": false,
              "SapCategories": null,
              "Brand": "Helga's",
              "IsRestrictedByDeliveryMethod": false,
              "FooterTag": {
                  "TagContent": "Lower Price Always",
                  "TagLink": null,
                  "FallbackText": null,
                  "TagType": "Html",
                  "MultibuyData": null,
                  "MemberPriceData": null,
                  "TagContentText": null,
                  "DualImageTagContent": null,
                  "PromotionType": "NOT_SET",
                  "IsRegisteredRewardCardPromotion": false
              },
              "IsFooterEnabled": true,
              "Diagnostics": "90",
              "IsBundle": false,
              "IsInFamily": false,
              "ChildProducts": null,
              "UrlOverride": null,
              "AdditionalAttributes": {
                  "boxedcontents": null,
                  "addedvitaminsandminerals": "False",
                  "sapdepartmentname": "PROPRIETARY BAKERY",
                  "spf": null,
                  "haircolour": null,
                  "lifestyleanddietarystatement": "Low Fat",
                  "sapcategoryname": "PROPRIETARY BAKERY",
                  "skintype": null,
                  "importantinformation": null,
                  "allergystatement": "Lactose Free",
                  "productdepthmm": null,
                  "skincondition": null,
                  "ophthalmologistapproved": null,
                  "healthstarrating": "4",
                  "hairtype": null,
                  "fragrance-free": null,
                  "sapsegmentname": "RYE",
                  "suitablefor": null,
                  "PiesProductDepartmentsjson": "[{\"Id\":\"1_9E92C35\",\"Description\":\"Lunch Box\"},{\"Id\":\"1_DEB537E\",\"Description\":\"Bakery\"}]",
                  "piessubcategorynamesjson": "[\"Bread & Wraps\",\"Packaged Bread\"]",
                  "sapsegmentno": "8",
                  "productwidthmm": null,
                  "contains": null,
                  "sapsubcategoryname": "RESALE BREAD",
                  "dermatologisttested": null,
                  "wool_productpackaging": null,
                  "dermatologicallyapproved": null,
                  "specialsgroupid": null,
                  "productimages": "75238.jpg,75238_2.jpg,75238_3.jpg,75238_4.jpg,75238_7.jpg,75238_8.jpg,75238_9.jpg",
                  "productheightmm": null,
                  "r&r_hidereviews": null,
                  "microwavesafe": "False",
                  "paba-free": null,
                  "lifestyleclaim": null,
                  "alcoholfree": null,
                  "tgawarning": null,
                  "activeconstituents": null,
                  "microwaveable": "False",
                  "soap-free": null,
                  "countryoforigin": null,
                  "isexcludedfromsubstitution": "False",
                  "productimagecount": "7",
                  "r&r_loggedinreviews": null,
                  "anti-dandruff": null,
                  "servingsize-total-nip": null,
                  "tgahealthwarninglink": null,
                  "allergenmaybepresent": "Lupin, Sesame",
                  "PiesProductDepartmentNodeId": "1_9E92C35",
                  "parabenfree": "False",
                  "vendorarticleid": null,
                  "containsgluten": "False",
                  "containsnuts": "False",
                  "ingredients": "Wheat flour, water, rye flour (18%), yeast, rye meal (2%), vinegar, iodised salt, wheat gluten, canola oil, cultured wheat flour, soy flour, malted barley flour, vegetable emulsifiers (481, 471, 472e), vitamins (thiamin, folic acid).",
                  "colour": null,
                  "manufacturer": null,
                  "sapcategoryno": "60",
                  "storageinstructions": "HELGA'S suggests bread be stored in a cool dry place, out of direct sunlight.",
                  "tgawarnings": null,
                  "piesdepartmentnamesjson": "[\"Lunch Box\",\"Bakery\"]",
                  "brand": "helga's",
                  "oilfree": null,
                  "fragrance": null,
                  "antibacterial": "False",
                  "non-comedogenic": null,
                  "antiseptic": "False",
                  "bpafree": "False",
                  "vendorcostprice": null,
                  "description": "Made with light rye, Helga's Light Rye Loaf Sliced Bread is a delicious bread for sandwiches and toast. It also provides a source of fibre and a source of protein.<BR><BR>Helga's Light Rye Loaf Sliced Bread is the perfect pick for your cheese and tomato toastie. With a four health star rating, it also contains no artificial colours, flavours or preservatives. Enjoy fresh or toasted, savoury or sweet, the choice is up to you.<BR><BR>• Light rye<BR><BR>• Source of fibre<BR><BR>• Source of protein<BR><BR>• Health star rating of 4<BR><BR>• No artificial colours, flavours or preservative",
                  "sweatresistant": null,
                  "sapsubcategoryno": "950",
                  "antioxidant": "False",
                  "claims": null,
                  "phbalanced": null,
                  "wool_dietaryclaim": null,
                  "ophthalmologisttested": null,
                  "sulfatefree": "False",
                  "servingsperpack-total-nip": null,
                  "piescategorynamesjson": "[\"Lunch\",\"Packaged Bread & Bakery\"]",
                  "nutritionalinformation": "{\"Name\":\"Nutritional Information\",\"Attributes\":[{\"Id\":702,\"Name\":\"Calcium Quantity Per 100g - Total - NIP\",\"Value\":\"51mg\",\"Description\":\"Calcium Quantity Per 100g - Total - NIP\",\"SortOrder\":71},{\"Id\":47,\"Name\":\"Calcium Quantity Per Serve - Total - NIP\",\"Value\":\"38.13mg\",\"Description\":\"Calcium Quantity Per Serve - Total - NIP\",\"SortOrder\":75},{\"Id\":705,\"Name\":\"Carbohydrate Quantity Per 100g - Total - NIP\",\"Value\":\"45.0g\",\"Description\":\"Carbohydrate Quantity Per 100g - Total - NIP\",\"SortOrder\":83},{\"Id\":706,\"Name\":\"Carbohydrate Quantity Per Serve - Total - NIP\",\"Value\":\"33.8g\",\"Description\":\"Carbohydrate Quantity Per Serve - Total - NIP\",\"SortOrder\":87},{\"Id\":191,\"Name\":\"Dietary Fibre Quantity Per 100g - Total - NIP\",\"Value\":\"4.1g\",\"Description\":\"Dietary Fibre Quantity Per 100g - Total - NIP\",\"SortOrder\":175},{\"Id\":120,\"Name\":\"Dietary Fibre Quantity Per Serve - Total - NIP\",\"Value\":\"3.1g\",\"Description\":\"Dietary Fibre Quantity Per Serve - Total - NIP\",\"SortOrder\":179},{\"Id\":759,\"Name\":\"Energy kJ Quantity Per 100g - Total - NIP\",\"Value\":\"1020kJ\",\"Description\":\"Energy kJ Quantity Per 100g - Total - NIP\",\"SortOrder\":239},{\"Id\":760,\"Name\":\"Energy kJ Quantity Per Serve - Total - NIP\",\"Value\":\"770kJ\",\"Description\":\"Energy kJ Quantity Per Serve - Total - NIP\",\"SortOrder\":243},{\"Id\":253,\"Name\":\"Fat Saturated Quantity Per 100g - Total - NIP\",\"Value\":\"<1.0g\",\"Description\":\"Fat Saturated Quantity Per 100g - Total - NIP\",\"SortOrder\":251},{\"Id\":258,\"Name\":\"Fat Saturated Quantity Per Serve - Total - NIP\",\"Value\":\"<1.0g\",\"Description\":\"Fat Saturated Quantity Per Serve - Total - NIP\",\"SortOrder\":255},{\"Id\":764,\"Name\":\"Fat Total Quantity Per 100g - Total - NIP\",\"Value\":\"2.5g\",\"Description\":\"Fat Total Quantity Per 100g - Total - NIP\",\"SortOrder\":263},{\"Id\":166,\"Name\":\"Fat Total Quantity Per 100g - ValueWord - NIP\",\"Value\":\"2.5\",\"Description\":\"Fat Total Quantity Per 100g - ValueWord - NIP\",\"SortOrder\":264},{\"Id\":264,\"Name\":\"Fat Total Quantity Per Serve - Total - NIP\",\"Value\":\"1.9g\",\"Description\":\"Fat Total Quantity Per Serve - Total - NIP\",\"SortOrder\":267},{\"Id\":402,\"Name\":\"Monounsaturated Quantity Per 100g - Total - NIP\",\"Value\":\"0.68g\",\"Description\":\"Monounsaturated Quantity Per 100g - Total - NIP\",\"SortOrder\":479},{\"Id\":834,\"Name\":\"Monounsaturated Quantity Per Serve - Total - NIP\",\"Value\":\"0.51g\",\"Description\":\"Monounsaturated Quantity Per Serve - Total - NIP\",\"SortOrder\":483},{\"Id\":434,\"Name\":\"Polyunsaturated Quantity Per 100g - Total - NIP\",\"Value\":\"0.95g\",\"Description\":\"Polyunsaturated Quantity Per 100g - Total - NIP\",\"SortOrder\":563},{\"Id\":435,\"Name\":\"Polyunsaturated Quantity Per Serve - Total - NIP\",\"Value\":\"0.71g\",\"Description\":\"Polyunsaturated Quantity Per Serve - Total - NIP\",\"SortOrder\":567},{\"Id\":443,\"Name\":\"Potassium Quantity Per 100g - Total - NIP\",\"Value\":\"143mg\",\"Description\":\"Potassium Quantity Per 100g - Total - NIP\",\"SortOrder\":575},{\"Id\":493,\"Name\":\"Potassium Quantity Per Serve - Total - NIP\",\"Value\":\"106.9mg\",\"Description\":\"Potassium Quantity Per Serve - Total - NIP\",\"SortOrder\":579},{\"Id\":878,\"Name\":\"Protein Quantity Per 100g - Total - NIP\",\"Value\":\"7.7g\",\"Description\":\"Protein Quantity Per 100g - Total - NIP\",\"SortOrder\":587},{\"Id\":882,\"Name\":\"Protein Quantity Per Serve - Total - NIP\",\"Value\":\"5.8g\",\"Description\":\"Protein Quantity Per Serve - Total - NIP\",\"SortOrder\":591},{\"Id\":477,\"Name\":\"Serving Size - Total - NIP\",\"Value\":\"75g (2 slices)\",\"Description\":\"Serving Size - Total - NIP\",\"SortOrder\":607},{\"Id\":544,\"Name\":\"Servings Per Pack - Total - NIP\",\"Value\":\"9(16 slices and 2 crusts)\",\"Description\":\"Servings Per Pack - Total - NIP\",\"SortOrder\":611},{\"Id\":491,\"Name\":\"Sodium Quantity Per 100g - Total - NIP\",\"Value\":\"340mg\",\"Description\":\"Sodium Quantity Per 100g - Total - NIP\",\"SortOrder\":623},{\"Id\":495,\"Name\":\"Sodium Quantity Per Serve - Total - NIP\",\"Value\":\"255mg\",\"Description\":\"Sodium Quantity Per Serve - Total - NIP\",\"SortOrder\":627},{\"Id\":907,\"Name\":\"Sugars Quantity Per 100g - Prefix - NIP\",\"Value\":null,\"Description\":\"Sugars Quantity Per 100g - Prefix - NIP\",\"SortOrder\":645},{\"Id\":908,\"Name\":\"Sugars Quantity Per 100g - SuffixUnits - NIP\",\"Value\":\"g\",\"Description\":\"Sugars Quantity Per 100g - SuffixUnits - NIP\",\"SortOrder\":646},{\"Id\":909,\"Name\":\"Sugars Quantity Per 100g - Total - NIP\",\"Value\":\"2.3g\",\"Description\":\"Sugars Quantity Per 100g - Total - NIP\",\"SortOrder\":647},{\"Id\":910,\"Name\":\"Sugars Quantity Per 100g - ValueWord - NIP\",\"Value\":\"2.3\",\"Description\":\"Sugars Quantity Per 100g - ValueWord - NIP\",\"SortOrder\":648},{\"Id\":504,\"Name\":\"Sugars Quantity Per Serve - Prefix - NIP\",\"Value\":null,\"Description\":\"Sugars Quantity Per Serve - Prefix - NIP\",\"SortOrder\":649},{\"Id\":911,\"Name\":\"Sugars Quantity Per Serve - SuffixUnits - NIP\",\"Value\":\"g\",\"Description\":\"Sugars Quantity Per Serve - SuffixUnits - NIP\",\"SortOrder\":650},{\"Id\":912,\"Name\":\"Sugars Quantity Per Serve - Total - NIP\",\"Value\":\"1.7g\",\"Description\":\"Sugars Quantity Per Serve - Total - NIP\",\"SortOrder\":651},{\"Id\":572,\"Name\":\"Sugars Quantity Per Serve - ValueWord - NIP\",\"Value\":\"1.7\",\"Description\":\"Sugars Quantity Per Serve - ValueWord - NIP\",\"SortOrder\":652},{\"Id\":593,\"Name\":\"Trans Quantity Per 100g - Total - NIP\",\"Value\":\"17.28mg\",\"Description\":\"Trans Quantity Per 100g - Total - NIP\",\"SortOrder\":667},{\"Id\":510,\"Name\":\"Trans Quantity Per Serve - Total - NIP\",\"Value\":\"12.92mg\",\"Description\":\"Trans Quantity Per Serve - Total - NIP\",\"SortOrder\":671}]}",
                  "ovencook": "False",
                  "vegetarian": "False",
                  "hypo-allergenic": null,
                  "timer": null,
                  "dermatologistrecommended": null,
                  "sapdepartmentno": "47",
                  "allergencontains": "Gluten Containing Cereals, Soy",
                  "waterresistant": null,
                  "friendlydisclaimer": null,
                  "recyclableinformation": null,
                  "usageinstructions": null,
                  "freezable": "False"
              },
              "DetailsImagePaths": [
                  "https://cdn0.woolworths.media/content/wowproductimages/large/075238.jpg"
              ],
              "Variety": "Light Rye",
              "Rating": {
                  "ReviewCount": 0,
                  "RatingCount": 0,
                  "RatingSum": 0,
                  "OneStarCount": 0,
                  "TwoStarCount": 0,
                  "ThreeStarCount": 0,
                  "FourStarCount": 0,
                  "FiveStarCount": 0,
                  "Average": 0,
                  "OneStarPercentage": 0,
                  "TwoStarPercentage": 0,
                  "ThreeStarPercentage": 0,
                  "FourStarPercentage": 0,
                  "FiveStarPercentage": 0
              },
              "HasProductSubs": false,
              "IsSponsoredAd": false,
              "AdID": null,
              "AdIndex": null,
              "IsMarketProduct": false,
              "IsGiftable": false,
              "Vendor": null,
              "Untraceable": false,
              "ThirdPartyProductInfo": null,
              "MarketFeatures": null,
              "MarketSpecifications": null,
              "SupplyLimitSource": "ProductLimit",
              "Tags": [
                  {
                      "Content": {
                          "Type": "Label",
                          "Position": "Top",
                          "Attributes": {
                              "Text": "LOW PRICE",
                              "Promotion": "LowPrice",
                              "BackgroundColor": "#c20016",
                              "BorderColor": "#c20016",
                              "TextColor": "#fff"
                          }
                      },
                      "TemplateId": null,
                      "Metadata": null
                  }
              ],
              "IsPersonalisedByPurchaseHistory": false,
              "IsFromFacetedSearch": false,
              "NextAvailabilityDate": "2024-02-22T00:00:00.0000000Z",
              "NumberOfSubstitutes": 0,
              "IsPrimaryVariant": false,
              "VariantGroupId": 0,
              "HasVariants": false,
              "VariantTitle": null,
              "IsTobacco": false
          }
      ],
      "Name": "Helga's Bread Light Rye",
      "DisplayName": "Helga's Bread Light Rye 680g"
  },
  {
      "Products": [
          {
              "TileID": 0,
              "Stockcode": 33909,
              "Barcode": "0280083000009",
              "GtinFormat": 13,
              "CupPrice": 0.48,
              "InstoreCupPrice": 0.48,
              "CupMeasure": "1EA",
              "CupString": "$0.48 / 1EA",
              "InstoreCupString": "$0.48 / 1EA",
              "HasCupPrice": true,
              "InstoreHasCupPrice": true,
              "Price": 2.85,
              "InstorePrice": 2.85,
              "Name": "Woolworths Bread Rolls Hotdog Extra Soft",
              "DisplayName": "Woolworths Bread Rolls Hotdog Extra Soft 6 Pack",
              "UrlFriendlyName": "woolworths-bread-rolls-hotdog-extra-soft",
              "Description": " Woolworths Bread Rolls<br>Hotdog Extra Soft 6 Pack",
              "SmallImageFile": "https://cdn0.woolworths.media/content/wowproductimages/small/033909.jpg",
              "MediumImageFile": "https://cdn0.woolworths.media/content/wowproductimages/medium/033909.jpg",
              "LargeImageFile": "https://cdn0.woolworths.media/content/wowproductimages/large/033909.jpg",
              "IsNew": false,
              "IsHalfPrice": false,
              "IsOnlineOnly": false,
              "IsOnSpecial": false,
              "InstoreIsOnSpecial": false,
              "IsEdrSpecial": false,
              "SavingsAmount": 0,
              "InstoreSavingsAmount": 0,
              "WasPrice": 2.85,
              "InstoreWasPrice": 2.85,
              "QuantityInTrolley": 0,
              "Unit": "Each",
              "MinimumQuantity": 1,
              "HasBeenBoughtBefore": false,
              "IsInTrolley": false,
              "Source": "Aisle.Bakery",
              "SupplyLimit": 36,
              "ProductLimit": 36,
              "MaxSupplyLimitMessage": "36 item limit",
              "IsRanged": true,
              "IsInStock": true,
              "PackageSize": "6 Pack",
              "IsPmDelivery": true,
              "IsForCollection": true,
              "IsForDelivery": true,
              "IsForExpress": true,
              "ProductRestrictionMessage": "Afternoon delivery & pick up",
              "ProductWarningMessage": "Afternoon delivery & pick up",
              "CentreTag": {
                  "TagContent": null,
                  "TagLink": null,
                  "FallbackText": null,
                  "TagType": "None",
                  "MultibuyData": null,
                  "MemberPriceData": null,
                  "TagContentText": null,
                  "DualImageTagContent": null,
                  "PromotionType": "NOT_SET",
                  "IsRegisteredRewardCardPromotion": false
              },
              "IsCentreTag": false,
              "ImageTag": {
                  "TagContent": null,
                  "TagLink": null,
                  "FallbackText": "",
                  "TagType": "None",
                  "MultibuyData": null,
                  "MemberPriceData": null,
                  "TagContentText": null,
                  "DualImageTagContent": null,
                  "PromotionType": "NOT_SET",
                  "IsRegisteredRewardCardPromotion": false
              },
              "HeaderTag": null,
              "HasHeaderTag": false,
              "UnitWeightInGrams": 0,
              "SupplyLimitMessage": "'Woolworths Bread Rolls Hotdog Extra Soft' has a supply limit of 36. The quantity in your cart has been reduced accordingly. To purchase a larger quantity, please contact us on 1800 000 610. Please note we do not supply trade orders.",
              "SmallFormatDescription": "Woolworths Bread Rolls Hotdog Extra Soft",
              "FullDescription": "Woolworths Bread Rolls Hotdog Extra Soft",
              "IsAvailable": true,
              "InstoreIsAvailable": false,
              "IsPurchasable": true,
              "InstoreIsPurchasable": false,
              "AgeRestricted": false,
              "DisplayQuantity": 1,
              "RichDescription": null,
              "HideWasSavedPrice": false,
              "SapCategories": null,
              "Brand": "Woolworths",
              "IsRestrictedByDeliveryMethod": false,
              "FooterTag": {
                  "TagContent": null,
                  "TagLink": null,
                  "FallbackText": null,
                  "TagType": "None",
                  "MultibuyData": null,
                  "MemberPriceData": null,
                  "TagContentText": null,
                  "DualImageTagContent": null,
                  "PromotionType": "NOT_SET",
                  "IsRegisteredRewardCardPromotion": false
              },
              "IsFooterEnabled": true,
              "Diagnostics": "91",
              "IsBundle": false,
              "IsInFamily": false,
              "ChildProducts": null,
              "UrlOverride": null,
              "AdditionalAttributes": {
                  "boxedcontents": null,
                  "addedvitaminsandminerals": "False",
                  "sapdepartmentname": "BAKEHOUSE",
                  "spf": null,
                  "haircolour": null,
                  "lifestyleanddietarystatement": "Vegan",
                  "sapcategoryname": "INSTORE BAKERY",
                  "skintype": null,
                  "importantinformation": null,
                  "allergystatement": "No Artificial Colours or Flavours",
                  "productdepthmm": null,
                  "skincondition": null,
                  "ophthalmologistapproved": null,
                  "healthstarrating": "4",
                  "hairtype": null,
                  "fragrance-free": null,
                  "sapsegmentname": "WHITE ROLL",
                  "suitablefor": null,
                  "PiesProductDepartmentsjson": "[{\"Id\":\"1_9E92C35\",\"Description\":\"Lunch Box\"},{\"Id\":\"1_DEB537E\",\"Description\":\"Bakery\"}]",
                  "piessubcategorynamesjson": "[\"Bread & Wraps\",\"Bread Rolls\",\"Bread\"]",
                  "sapsegmentno": "2",
                  "productwidthmm": null,
                  "contains": null,
                  "sapsubcategoryname": "ISB BREAD ROLL",
                  "dermatologisttested": null,
                  "wool_productpackaging": null,
                  "dermatologicallyapproved": null,
                  "specialsgroupid": null,
                  "productimages": "33909.jpg",
                  "productheightmm": null,
                  "r&r_hidereviews": null,
                  "microwavesafe": "False",
                  "paba-free": null,
                  "lifestyleclaim": null,
                  "alcoholfree": null,
                  "tgawarning": null,
                  "activeconstituents": null,
                  "microwaveable": "False",
                  "soap-free": null,
                  "countryoforigin": null,
                  "isexcludedfromsubstitution": "False",
                  "productimagecount": "1",
                  "r&r_loggedinreviews": null,
                  "anti-dandruff": null,
                  "servingsize-total-nip": null,
                  "tgahealthwarninglink": null,
                  "allergenmaybepresent": "Egg, Milk, Peanuts, Sesame, Soy, Sulphites, Tree Nuts",
                  "PiesProductDepartmentNodeId": "1_9E92C35",
                  "parabenfree": "False",
                  "vendorarticleid": null,
                  "containsgluten": "False",
                  "containsnuts": "False",
                  "ingredients": "<p>Wheat Flour, Water, Yeast, Vegetable Oils (Contains Palm, Canola), Wheat Gluten, Iodised Salt, Yellow Pea Flour, Vitamins (Thiamin, Folate). Topping option (sesame seeds or poppy seeds). </p><p>Contains Gluten,Sesame Seeds. </p><p>May contain traces of Egg, Milk,Peanuts, Soybeans, Sesame Seeds, Tree Nuts, Sulphites.</p>",
                  "colour": null,
                  "manufacturer": null,
                  "sapcategoryno": "56",
                  "storageinstructions": null,
                  "tgawarnings": null,
                  "piesdepartmentnamesjson": "[\"Lunch Box\",\"Bakery\"]",
                  "brand": "woolworths",
                  "oilfree": null,
                  "fragrance": null,
                  "antibacterial": "False",
                  "non-comedogenic": null,
                  "antiseptic": "False",
                  "bpafree": "False",
                  "vendorcostprice": null,
                  "description": "Topping options (Sesame Seeds or Poppy Seeds)",
                  "sweatresistant": null,
                  "sapsubcategoryno": "973",
                  "antioxidant": "False",
                  "claims": null,
                  "phbalanced": null,
                  "wool_dietaryclaim": null,
                  "ophthalmologisttested": null,
                  "sulfatefree": "False",
                  "servingsperpack-total-nip": null,
                  "piescategorynamesjson": "[\"Lunch\",\"In-Store Bakery\"]",
                  "nutritionalinformation": "{\"Name\":\"Nutritional Information\",\"Attributes\":[{\"Id\":702,\"Name\":\"Calcium Quantity Per 100g - Total - NIP\",\"Value\":\"112mg\",\"Description\":\"Calcium Quantity Per 100g - Total - NIP\",\"SortOrder\":71},{\"Id\":705,\"Name\":\"Carbohydrate Quantity Per 100g - Total - NIP\",\"Value\":\"48.80g\",\"Description\":\"Carbohydrate Quantity Per 100g - Total - NIP\",\"SortOrder\":83},{\"Id\":706,\"Name\":\"Carbohydrate Quantity Per Serve - Total - NIP\",\"Value\":\"34.20g\",\"Description\":\"Carbohydrate Quantity Per Serve - Total - NIP\",\"SortOrder\":87},{\"Id\":191,\"Name\":\"Dietary Fibre Quantity Per 100g - Total - NIP\",\"Value\":\"3.20g\",\"Description\":\"Dietary Fibre Quantity Per 100g - Total - NIP\",\"SortOrder\":175},{\"Id\":120,\"Name\":\"Dietary Fibre Quantity Per Serve - Total - NIP\",\"Value\":\"2.20g\",\"Description\":\"Dietary Fibre Quantity Per Serve - Total - NIP\",\"SortOrder\":179},{\"Id\":759,\"Name\":\"Energy kJ Quantity Per 100g - Total - NIP\",\"Value\":\"1150.00kJ\",\"Description\":\"Energy kJ Quantity Per 100g - Total - NIP\",\"SortOrder\":239},{\"Id\":760,\"Name\":\"Energy kJ Quantity Per Serve - Total - NIP\",\"Value\":\"805.00kJ\",\"Description\":\"Energy kJ Quantity Per Serve - Total - NIP\",\"SortOrder\":243},{\"Id\":253,\"Name\":\"Fat Saturated Quantity Per 100g - Total - NIP\",\"Value\":\"0.40g\",\"Description\":\"Fat Saturated Quantity Per 100g - Total - NIP\",\"SortOrder\":251},{\"Id\":258,\"Name\":\"Fat Saturated Quantity Per Serve - Total - NIP\",\"Value\":\"0.30g\",\"Description\":\"Fat Saturated Quantity Per Serve - Total - NIP\",\"SortOrder\":255},{\"Id\":764,\"Name\":\"Fat Total Quantity Per 100g - Total - NIP\",\"Value\":\"4.00g\",\"Description\":\"Fat Total Quantity Per 100g - Total - NIP\",\"SortOrder\":263},{\"Id\":166,\"Name\":\"Fat Total Quantity Per 100g - ValueWord - NIP\",\"Value\":\"4.00\",\"Description\":\"Fat Total Quantity Per 100g - ValueWord - NIP\",\"SortOrder\":264},{\"Id\":264,\"Name\":\"Fat Total Quantity Per Serve - Total - NIP\",\"Value\":\"2.80g\",\"Description\":\"Fat Total Quantity Per Serve - Total - NIP\",\"SortOrder\":267},{\"Id\":402,\"Name\":\"Monounsaturated Quantity Per 100g - Total - NIP\",\"Value\":\"0.85g\",\"Description\":\"Monounsaturated Quantity Per 100g - Total - NIP\",\"SortOrder\":479},{\"Id\":434,\"Name\":\"Polyunsaturated Quantity Per 100g - Total - NIP\",\"Value\":\"1.35g\",\"Description\":\"Polyunsaturated Quantity Per 100g - Total - NIP\",\"SortOrder\":563},{\"Id\":443,\"Name\":\"Potassium Quantity Per 100g - Total - NIP\",\"Value\":\"134mg\",\"Description\":\"Potassium Quantity Per 100g - Total - NIP\",\"SortOrder\":575},{\"Id\":878,\"Name\":\"Protein Quantity Per 100g - Total - NIP\",\"Value\":\"9.00g\",\"Description\":\"Protein Quantity Per 100g - Total - NIP\",\"SortOrder\":587},{\"Id\":882,\"Name\":\"Protein Quantity Per Serve - Total - NIP\",\"Value\":\"6.30g\",\"Description\":\"Protein Quantity Per Serve - Total - NIP\",\"SortOrder\":591},{\"Id\":477,\"Name\":\"Serving Size - Total - NIP\",\"Value\":\"70.00g\",\"Description\":\"Serving Size - Total - NIP\",\"SortOrder\":607},{\"Id\":544,\"Name\":\"Servings Per Pack - Total - NIP\",\"Value\":\"6.00\",\"Description\":\"Servings Per Pack - Total - NIP\",\"SortOrder\":611},{\"Id\":491,\"Name\":\"Sodium Quantity Per 100g - Total - NIP\",\"Value\":\"368.00mg\",\"Description\":\"Sodium Quantity Per 100g - Total - NIP\",\"SortOrder\":623},{\"Id\":495,\"Name\":\"Sodium Quantity Per Serve - Total - NIP\",\"Value\":\"258.00mg\",\"Description\":\"Sodium Quantity Per Serve - Total - NIP\",\"SortOrder\":627},{\"Id\":907,\"Name\":\"Sugars Quantity Per 100g - Prefix - NIP\",\"Value\":null,\"Description\":\"Sugars Quantity Per 100g - Prefix - NIP\",\"SortOrder\":645},{\"Id\":908,\"Name\":\"Sugars Quantity Per 100g - SuffixUnits - NIP\",\"Value\":\"g\",\"Description\":\"Sugars Quantity Per 100g - SuffixUnits - NIP\",\"SortOrder\":646},{\"Id\":909,\"Name\":\"Sugars Quantity Per 100g - Total - NIP\",\"Value\":\"0.50g\",\"Description\":\"Sugars Quantity Per 100g - Total - NIP\",\"SortOrder\":647},{\"Id\":910,\"Name\":\"Sugars Quantity Per 100g - ValueWord - NIP\",\"Value\":\"0.50\",\"Description\":\"Sugars Quantity Per 100g - ValueWord - NIP\",\"SortOrder\":648},{\"Id\":504,\"Name\":\"Sugars Quantity Per Serve - Prefix - NIP\",\"Value\":null,\"Description\":\"Sugars Quantity Per Serve - Prefix - NIP\",\"SortOrder\":649},{\"Id\":911,\"Name\":\"Sugars Quantity Per Serve - SuffixUnits - NIP\",\"Value\":\"g\",\"Description\":\"Sugars Quantity Per Serve - SuffixUnits - NIP\",\"SortOrder\":650},{\"Id\":912,\"Name\":\"Sugars Quantity Per Serve - Total - NIP\",\"Value\":\"0.40g\",\"Description\":\"Sugars Quantity Per Serve - Total - NIP\",\"SortOrder\":651},{\"Id\":572,\"Name\":\"Sugars Quantity Per Serve - ValueWord - NIP\",\"Value\":\"0.40\",\"Description\":\"Sugars Quantity Per Serve - ValueWord - NIP\",\"SortOrder\":652},{\"Id\":593,\"Name\":\"Trans Quantity Per 100g - Total - NIP\",\"Value\":\"29.86mg\",\"Description\":\"Trans Quantity Per 100g - Total - NIP\",\"SortOrder\":667}]}",
                  "ovencook": "False",
                  "vegetarian": "False",
                  "hypo-allergenic": null,
                  "timer": null,
                  "dermatologistrecommended": null,
                  "sapdepartmentno": "45",
                  "allergencontains": "Gluten, Sesame",
                  "waterresistant": null,
                  "friendlydisclaimer": null,
                  "recyclableinformation": null,
                  "usageinstructions": null,
                  "freezable": "False"
              },
              "DetailsImagePaths": [
                  "https://cdn0.woolworths.media/content/wowproductimages/large/033909.jpg"
              ],
              "Variety": "Hotdog Extra Soft",
              "Rating": {
                  "ReviewCount": 0,
                  "RatingCount": 0,
                  "RatingSum": 0,
                  "OneStarCount": 0,
                  "TwoStarCount": 0,
                  "ThreeStarCount": 0,
                  "FourStarCount": 0,
                  "FiveStarCount": 0,
                  "Average": 0,
                  "OneStarPercentage": 0,
                  "TwoStarPercentage": 0,
                  "ThreeStarPercentage": 0,
                  "FourStarPercentage": 0,
                  "FiveStarPercentage": 0
              },
              "HasProductSubs": false,
              "IsSponsoredAd": false,
              "AdID": null,
              "AdIndex": null,
              "IsMarketProduct": false,
              "IsGiftable": false,
              "Vendor": null,
              "Untraceable": false,
              "ThirdPartyProductInfo": null,
              "MarketFeatures": null,
              "MarketSpecifications": null,
              "SupplyLimitSource": "ProductLimit",
              "Tags": null,
              "IsPersonalisedByPurchaseHistory": false,
              "IsFromFacetedSearch": false,
              "NextAvailabilityDate": null,
              "NumberOfSubstitutes": 0,
              "IsPrimaryVariant": false,
              "VariantGroupId": 0,
              "HasVariants": false,
              "VariantTitle": null,
              "IsTobacco": false
          }
      ],
      "Name": "Woolworths Bread Rolls Hotdog Extra Soft",
      "DisplayName": "Woolworths Bread Rolls Hotdog Extra Soft 6 Pack"
  },
  {
      "Products": [
          {
              "TileID": 0,
              "Stockcode": 89471,
              "Barcode": "9339687168606",
              "GtinFormat": 13,
              "CupPrice": 1.5,
              "InstoreCupPrice": 1.5,
              "CupMeasure": "100G",
              "CupString": "$1.50 / 100G",
              "InstoreCupString": "$1.50 / 100G",
              "HasCupPrice": true,
              "InstoreHasCupPrice": true,
              "Price": 3,
              "InstorePrice": 3,
              "Name": "Woolworths Thin Crust Pizza Base",
              "DisplayName": "Woolworths Thin Crust Pizza Base 2 Pack",
              "UrlFriendlyName": "woolworths-thin-crust-pizza-base",
              "Description": " Woolworths Thin Crust Pizza<br>Base  2 Pack",
              "SmallImageFile": "https://cdn0.woolworths.media/content/wowproductimages/small/089471.jpg",
              "MediumImageFile": "https://cdn0.woolworths.media/content/wowproductimages/medium/089471.jpg",
              "LargeImageFile": "https://cdn0.woolworths.media/content/wowproductimages/large/089471.jpg",
              "IsNew": false,
              "IsHalfPrice": false,
              "IsOnlineOnly": false,
              "IsOnSpecial": false,
              "InstoreIsOnSpecial": false,
              "IsEdrSpecial": false,
              "SavingsAmount": 0,
              "InstoreSavingsAmount": 0,
              "WasPrice": 3,
              "InstoreWasPrice": 3,
              "QuantityInTrolley": 0,
              "Unit": "Each",
              "MinimumQuantity": 1,
              "HasBeenBoughtBefore": false,
              "IsInTrolley": false,
              "Source": "Aisle.Bakery",
              "SupplyLimit": 11,
              "ProductLimit": 36,
              "MaxSupplyLimitMessage": "11 item(s) left",
              "IsRanged": true,
              "IsInStock": true,
              "PackageSize": "2 Pack",
              "IsPmDelivery": false,
              "IsForCollection": true,
              "IsForDelivery": true,
              "IsForExpress": true,
              "ProductRestrictionMessage": null,
              "ProductWarningMessage": null,
              "CentreTag": {
                  "TagContent": null,
                  "TagLink": null,
                  "FallbackText": null,
                  "TagType": "None",
                  "MultibuyData": null,
                  "MemberPriceData": null,
                  "TagContentText": null,
                  "DualImageTagContent": null,
                  "PromotionType": "NOT_SET",
                  "IsRegisteredRewardCardPromotion": false
              },
              "IsCentreTag": false,
              "ImageTag": {
                  "TagContent": null,
                  "TagLink": null,
                  "FallbackText": "",
                  "TagType": "None",
                  "MultibuyData": null,
                  "MemberPriceData": null,
                  "TagContentText": null,
                  "DualImageTagContent": null,
                  "PromotionType": "NOT_SET",
                  "IsRegisteredRewardCardPromotion": false
              },
              "HeaderTag": {
                  "BackgroundColor": "#c20016",
                  "BorderColor": "#c20016",
                  "TextColor": "#fff",
                  "Content": "LOW PRICE",
                  "TagLink": null,
                  "Promotion": "LowPrice"
              },
              "HasHeaderTag": true,
              "UnitWeightInGrams": 0,
              "SupplyLimitMessage": "'Woolworths Thin Crust Pizza Base' has a supply limit of 11. The quantity in your cart has been reduced accordingly. To purchase a larger quantity, please contact us on 1800 000 610. Please note we do not supply trade orders.",
              "SmallFormatDescription": "Woolworths Thin Crust Pizza Base ",
              "FullDescription": "Woolworths Thin Crust Pizza Base ",
              "IsAvailable": true,
              "InstoreIsAvailable": true,
              "IsPurchasable": true,
              "InstoreIsPurchasable": true,
              "AgeRestricted": false,
              "DisplayQuantity": 1,
              "RichDescription": null,
              "HideWasSavedPrice": false,
              "SapCategories": null,
              "Brand": "Woolworths",
              "IsRestrictedByDeliveryMethod": false,
              "FooterTag": {
                  "TagContent": "Lower Price Always",
                  "TagLink": null,
                  "FallbackText": null,
                  "TagType": "Html",
                  "MultibuyData": null,
                  "MemberPriceData": null,
                  "TagContentText": null,
                  "DualImageTagContent": null,
                  "PromotionType": "NOT_SET",
                  "IsRegisteredRewardCardPromotion": false
              },
              "IsFooterEnabled": true,
              "Diagnostics": "92",
              "IsBundle": false,
              "IsInFamily": false,
              "ChildProducts": null,
              "UrlOverride": null,
              "AdditionalAttributes": {
                  "boxedcontents": null,
                  "addedvitaminsandminerals": "False",
                  "sapdepartmentname": "PROPRIETARY BAKERY",
                  "spf": null,
                  "haircolour": null,
                  "lifestyleanddietarystatement": "Source of Protein",
                  "sapcategoryname": "PROPRIETARY BAKERY",
                  "skintype": null,
                  "importantinformation": null,
                  "allergystatement": "No Artificial Colours or Flavours",
                  "productdepthmm": null,
                  "skincondition": null,
                  "ophthalmologistapproved": null,
                  "healthstarrating": "3.5",
                  "hairtype": null,
                  "fragrance-free": null,
                  "sapsegmentname": "PIZZA/BASES",
                  "suitablefor": "Vegetarian",
                  "PiesProductDepartmentsjson": "[{\"Id\":\"1_DEB537E\",\"Description\":\"Bakery\"}]",
                  "piessubcategorynamesjson": "[\"Pizza Bases\"]",
                  "sapsegmentno": "8",
                  "productwidthmm": null,
                  "contains": null,
                  "sapsubcategoryname": "RESALE INTERNATIONAL BREAD",
                  "dermatologisttested": null,
                  "wool_productpackaging": null,
                  "dermatologicallyapproved": null,
                  "specialsgroupid": null,
                  "productimages": "89471.jpg,89471_2.jpg",
                  "productheightmm": null,
                  "r&r_hidereviews": null,
                  "microwavesafe": "False",
                  "paba-free": null,
                  "lifestyleclaim": "Vegetarian",
                  "alcoholfree": null,
                  "tgawarning": null,
                  "activeconstituents": null,
                  "microwaveable": "False",
                  "soap-free": null,
                  "countryoforigin": null,
                  "isexcludedfromsubstitution": "False",
                  "productimagecount": "2",
                  "r&r_loggedinreviews": null,
                  "anti-dandruff": null,
                  "servingsize-total-nip": null,
                  "tgahealthwarninglink": null,
                  "allergenmaybepresent": "Egg, Soy",
                  "PiesProductDepartmentNodeId": "1_DEB537E",
                  "parabenfree": "False",
                  "vendorarticleid": null,
                  "containsgluten": "False",
                  "containsnuts": "False",
                  "ingredients": "Wheat Flour (Wheat Flour, Thiamin, Folic Acid), Palm Oil (Palm Oil, Antioxidant (Vitamin E)), Bread Improver (Acidity Regulator (339, 341, 340), Wheat Flour, Thickener (Guar Gum), Sugar, Barley Malt Extract, Malted Wheat Flour, Emulsifier (472e), Dextrose, Whey Powder (Milk), Rapeseed Oil, Salt, Antioxidant (Ascorbic Acid)), Yeast, Sugar, Iodised Salt, Acidity Regulator (Fumaric Acid), Preservative (281)",
                  "colour": null,
                  "manufacturer": null,
                  "sapcategoryno": "60",
                  "storageinstructions": null,
                  "tgawarnings": null,
                  "piesdepartmentnamesjson": "[\"Bakery\"]",
                  "brand": "woolworths",
                  "oilfree": null,
                  "fragrance": null,
                  "antibacterial": "False",
                  "non-comedogenic": null,
                  "antiseptic": "False",
                  "bpafree": "False",
                  "vendorcostprice": null,
                  "description": null,
                  "sweatresistant": null,
                  "sapsubcategoryno": "810",
                  "antioxidant": "False",
                  "claims": null,
                  "phbalanced": null,
                  "wool_dietaryclaim": null,
                  "ophthalmologisttested": null,
                  "sulfatefree": "False",
                  "servingsperpack-total-nip": null,
                  "piescategorynamesjson": "[\"Packaged Bread & Bakery\"]",
                  "nutritionalinformation": "{\"Name\":\"Nutritional Information\",\"Attributes\":[{\"Id\":705,\"Name\":\"Carbohydrate Quantity Per 100g - Total - NIP\",\"Value\":\"49.10g\",\"Description\":\"Carbohydrate Quantity Per 100g - Total - NIP\",\"SortOrder\":83},{\"Id\":706,\"Name\":\"Carbohydrate Quantity Per Serve - Total - NIP\",\"Value\":\"49.10g\",\"Description\":\"Carbohydrate Quantity Per Serve - Total - NIP\",\"SortOrder\":87},{\"Id\":191,\"Name\":\"Dietary Fibre Quantity Per 100g - Total - NIP\",\"Value\":\"3.20g\",\"Description\":\"Dietary Fibre Quantity Per 100g - Total - NIP\",\"SortOrder\":175},{\"Id\":120,\"Name\":\"Dietary Fibre Quantity Per Serve - Total - NIP\",\"Value\":\"3.20g\",\"Description\":\"Dietary Fibre Quantity Per Serve - Total - NIP\",\"SortOrder\":179},{\"Id\":759,\"Name\":\"Energy kJ Quantity Per 100g - Total - NIP\",\"Value\":\"1330.00kJ\",\"Description\":\"Energy kJ Quantity Per 100g - Total - NIP\",\"SortOrder\":239},{\"Id\":760,\"Name\":\"Energy kJ Quantity Per Serve - Total - NIP\",\"Value\":\"1330.00kJ\",\"Description\":\"Energy kJ Quantity Per Serve - Total - NIP\",\"SortOrder\":243},{\"Id\":253,\"Name\":\"Fat Saturated Quantity Per 100g - Total - NIP\",\"Value\":\"2.10g\",\"Description\":\"Fat Saturated Quantity Per 100g - Total - NIP\",\"SortOrder\":251},{\"Id\":258,\"Name\":\"Fat Saturated Quantity Per Serve - Total - NIP\",\"Value\":\"2.10g\",\"Description\":\"Fat Saturated Quantity Per Serve - Total - NIP\",\"SortOrder\":255},{\"Id\":764,\"Name\":\"Fat Total Quantity Per 100g - Total - NIP\",\"Value\":\"8.30g\",\"Description\":\"Fat Total Quantity Per 100g - Total - NIP\",\"SortOrder\":263},{\"Id\":166,\"Name\":\"Fat Total Quantity Per 100g - ValueWord - NIP\",\"Value\":\"8.30\",\"Description\":\"Fat Total Quantity Per 100g - ValueWord - NIP\",\"SortOrder\":264},{\"Id\":264,\"Name\":\"Fat Total Quantity Per Serve - Total - NIP\",\"Value\":\"8.30g\",\"Description\":\"Fat Total Quantity Per Serve - Total - NIP\",\"SortOrder\":267},{\"Id\":878,\"Name\":\"Protein Quantity Per 100g - Total - NIP\",\"Value\":\"9.50g\",\"Description\":\"Protein Quantity Per 100g - Total - NIP\",\"SortOrder\":587},{\"Id\":882,\"Name\":\"Protein Quantity Per Serve - Total - NIP\",\"Value\":\"9.50g\",\"Description\":\"Protein Quantity Per Serve - Total - NIP\",\"SortOrder\":591},{\"Id\":477,\"Name\":\"Serving Size - Total - NIP\",\"Value\":\"100.00g\",\"Description\":\"Serving Size - Total - NIP\",\"SortOrder\":607},{\"Id\":544,\"Name\":\"Servings Per Pack - Total - NIP\",\"Value\":\"2.00\",\"Description\":\"Servings Per Pack - Total - NIP\",\"SortOrder\":611},{\"Id\":491,\"Name\":\"Sodium Quantity Per 100g - Total - NIP\",\"Value\":\"329.00mg\",\"Description\":\"Sodium Quantity Per 100g - Total - NIP\",\"SortOrder\":623},{\"Id\":495,\"Name\":\"Sodium Quantity Per Serve - Total - NIP\",\"Value\":\"329.00mg\",\"Description\":\"Sodium Quantity Per Serve - Total - NIP\",\"SortOrder\":627},{\"Id\":907,\"Name\":\"Sugars Quantity Per 100g - Prefix - NIP\",\"Value\":\"Approx.\",\"Description\":\"Sugars Quantity Per 100g - Prefix - NIP\",\"SortOrder\":645},{\"Id\":908,\"Name\":\"Sugars Quantity Per 100g - SuffixUnits - NIP\",\"Value\":\"g\",\"Description\":\"Sugars Quantity Per 100g - SuffixUnits - NIP\",\"SortOrder\":646},{\"Id\":909,\"Name\":\"Sugars Quantity Per 100g - Total - NIP\",\"Value\":\"4.60g\",\"Description\":\"Sugars Quantity Per 100g - Total - NIP\",\"SortOrder\":647},{\"Id\":910,\"Name\":\"Sugars Quantity Per 100g - ValueWord - NIP\",\"Value\":\"4.60\",\"Description\":\"Sugars Quantity Per 100g - ValueWord - NIP\",\"SortOrder\":648},{\"Id\":504,\"Name\":\"Sugars Quantity Per Serve - Prefix - NIP\",\"Value\":\"Approx.\",\"Description\":\"Sugars Quantity Per Serve - Prefix - NIP\",\"SortOrder\":649},{\"Id\":911,\"Name\":\"Sugars Quantity Per Serve - SuffixUnits - NIP\",\"Value\":\"g\",\"Description\":\"Sugars Quantity Per Serve - SuffixUnits - NIP\",\"SortOrder\":650},{\"Id\":912,\"Name\":\"Sugars Quantity Per Serve - Total - NIP\",\"Value\":\"4.60g\",\"Description\":\"Sugars Quantity Per Serve - Total - NIP\",\"SortOrder\":651},{\"Id\":572,\"Name\":\"Sugars Quantity Per Serve - ValueWord - NIP\",\"Value\":\"4.60\",\"Description\":\"Sugars Quantity Per Serve - ValueWord - NIP\",\"SortOrder\":652},{\"Id\":593,\"Name\":\"Trans Quantity Per 100g - Total - NIP\",\"Value\":\"<1g\",\"Description\":\"Trans Quantity Per 100g - Total - NIP\",\"SortOrder\":667},{\"Id\":510,\"Name\":\"Trans Quantity Per Serve - Total - NIP\",\"Value\":\"<1g\",\"Description\":\"Trans Quantity Per Serve - Total - NIP\",\"SortOrder\":671}]}",
                  "ovencook": "False",
                  "vegetarian": "False",
                  "hypo-allergenic": null,
                  "timer": null,
                  "dermatologistrecommended": null,
                  "sapdepartmentno": "47",
                  "allergencontains": "Milk, Gluten, Wheat",
                  "waterresistant": null,
                  "friendlydisclaimer": null,
                  "recyclableinformation": null,
                  "usageinstructions": null,
                  "freezable": "False"
              },
              "DetailsImagePaths": [
                  "https://cdn0.woolworths.media/content/wowproductimages/large/089471.jpg"
              ],
              "Variety": null,
              "Rating": {
                  "ReviewCount": 0,
                  "RatingCount": 0,
                  "RatingSum": 0,
                  "OneStarCount": 0,
                  "TwoStarCount": 0,
                  "ThreeStarCount": 0,
                  "FourStarCount": 0,
                  "FiveStarCount": 0,
                  "Average": 0,
                  "OneStarPercentage": 0,
                  "TwoStarPercentage": 0,
                  "ThreeStarPercentage": 0,
                  "FourStarPercentage": 0,
                  "FiveStarPercentage": 0
              },
              "HasProductSubs": false,
              "IsSponsoredAd": false,
              "AdID": null,
              "AdIndex": null,
              "IsMarketProduct": false,
              "IsGiftable": false,
              "Vendor": null,
              "Untraceable": false,
              "ThirdPartyProductInfo": null,
              "MarketFeatures": null,
              "MarketSpecifications": null,
              "SupplyLimitSource": "StockQuantity",
              "Tags": [
                  {
                      "Content": {
                          "Type": "Label",
                          "Position": "Top",
                          "Attributes": {
                              "Text": "LOW PRICE",
                              "Promotion": "LowPrice",
                              "BackgroundColor": "#c20016",
                              "BorderColor": "#c20016",
                              "TextColor": "#fff"
                          }
                      },
                      "TemplateId": null,
                      "Metadata": null
                  }
              ],
              "IsPersonalisedByPurchaseHistory": false,
              "IsFromFacetedSearch": false,
              "NextAvailabilityDate": "2024-02-22T00:00:00.0000000Z",
              "NumberOfSubstitutes": 0,
              "IsPrimaryVariant": false,
              "VariantGroupId": 0,
              "HasVariants": false,
              "VariantTitle": null,
              "IsTobacco": false
          }
      ],
      "Name": "Woolworths Thin Crust Pizza Base",
      "DisplayName": "Woolworths Thin Crust Pizza Base 2 Pack"
  },
  {
      "Products": [
          {
              "TileID": 0,
              "Stockcode": 883116,
              "Barcode": "9300633522100",
              "GtinFormat": 13,
              "CupPrice": 1.47,
              "InstoreCupPrice": 1.47,
              "CupMeasure": "100G",
              "CupString": "$1.47 / 100G",
              "InstoreCupString": "$1.47 / 100G",
              "HasCupPrice": true,
              "InstoreHasCupPrice": true,
              "Price": 4.7,
              "InstorePrice": 4.7,
              "Name": "Woolworths Mini Double Choc Muffins",
              "DisplayName": "Woolworths Mini Double Choc Muffins 8 Pack",
              "UrlFriendlyName": "woolworths-mini-double-choc-muffins",
              "Description": " Woolworths Mini Double Choc<br>Muffins  8 Pack",
              "SmallImageFile": "https://cdn0.woolworths.media/content/wowproductimages/small/883116.jpg",
              "MediumImageFile": "https://cdn0.woolworths.media/content/wowproductimages/medium/883116.jpg",
              "LargeImageFile": "https://cdn0.woolworths.media/content/wowproductimages/large/883116.jpg",
              "IsNew": false,
              "IsHalfPrice": false,
              "IsOnlineOnly": false,
              "IsOnSpecial": false,
              "InstoreIsOnSpecial": false,
              "IsEdrSpecial": false,
              "SavingsAmount": 0,
              "InstoreSavingsAmount": 0,
              "WasPrice": 4.7,
              "InstoreWasPrice": 4.7,
              "QuantityInTrolley": 0,
              "Unit": "Each",
              "MinimumQuantity": 1,
              "HasBeenBoughtBefore": false,
              "IsInTrolley": false,
              "Source": "Aisle.Bakery",
              "SupplyLimit": 14,
              "ProductLimit": 36,
              "MaxSupplyLimitMessage": "14 item(s) left",
              "IsRanged": true,
              "IsInStock": true,
              "PackageSize": "8 Pack",
              "IsPmDelivery": true,
              "IsForCollection": true,
              "IsForDelivery": true,
              "IsForExpress": true,
              "ProductRestrictionMessage": null,
              "ProductWarningMessage": null,
              "CentreTag": {
                  "TagContent": null,
                  "TagLink": null,
                  "FallbackText": null,
                  "TagType": "None",
                  "MultibuyData": null,
                  "MemberPriceData": null,
                  "TagContentText": null,
                  "DualImageTagContent": null,
                  "PromotionType": "NOT_SET",
                  "IsRegisteredRewardCardPromotion": false
              },
              "IsCentreTag": false,
              "ImageTag": {
                  "TagContent": null,
                  "TagLink": null,
                  "FallbackText": "",
                  "TagType": "None",
                  "MultibuyData": null,
                  "MemberPriceData": null,
                  "TagContentText": null,
                  "DualImageTagContent": null,
                  "PromotionType": "NOT_SET",
                  "IsRegisteredRewardCardPromotion": false
              },
              "HeaderTag": {
                  "BackgroundColor": "#c20016",
                  "BorderColor": "#c20016",
                  "TextColor": "#fff",
                  "Content": "LOW PRICE",
                  "TagLink": null,
                  "Promotion": "LowPrice"
              },
              "HasHeaderTag": true,
              "UnitWeightInGrams": 0,
              "SupplyLimitMessage": "'Woolworths Mini Double Choc Muffins' has a supply limit of 14. The quantity in your cart has been reduced accordingly. To purchase a larger quantity, please contact us on 1800 000 610. Please note we do not supply trade orders.",
              "SmallFormatDescription": "Woolworths Mini Double Choc Muffins ",
              "FullDescription": "Woolworths Mini Double Choc Muffins ",
              "IsAvailable": true,
              "InstoreIsAvailable": true,
              "IsPurchasable": true,
              "InstoreIsPurchasable": true,
              "AgeRestricted": false,
              "DisplayQuantity": 1,
              "RichDescription": null,
              "HideWasSavedPrice": false,
              "SapCategories": null,
              "Brand": "Woolworths",
              "IsRestrictedByDeliveryMethod": false,
              "FooterTag": {
                  "TagContent": "Lower Price Always",
                  "TagLink": null,
                  "FallbackText": null,
                  "TagType": "Html",
                  "MultibuyData": null,
                  "MemberPriceData": null,
                  "TagContentText": null,
                  "DualImageTagContent": null,
                  "PromotionType": "NOT_SET",
                  "IsRegisteredRewardCardPromotion": false
              },
              "IsFooterEnabled": true,
              "Diagnostics": "93",
              "IsBundle": false,
              "IsInFamily": false,
              "ChildProducts": null,
              "UrlOverride": null,
              "AdditionalAttributes": {
                  "boxedcontents": null,
                  "addedvitaminsandminerals": "False",
                  "sapdepartmentname": "BAKEHOUSE",
                  "spf": null,
                  "haircolour": null,
                  "lifestyleanddietarystatement": null,
                  "sapcategoryname": "INSTORE BAKERY",
                  "skintype": null,
                  "importantinformation": null,
                  "allergystatement": "No Artificial Colours or Flavours",
                  "productdepthmm": null,
                  "skincondition": null,
                  "ophthalmologistapproved": null,
                  "healthstarrating": "2",
                  "hairtype": null,
                  "fragrance-free": null,
                  "sapsegmentname": "MUFFINS",
                  "suitablefor": "Vegetarian",
                  "PiesProductDepartmentsjson": "[{\"Id\":\"1_39FD49C\",\"Description\":\"Pantry\"},{\"Id\":\"1_717445A\",\"Description\":\"Snacks & Confectionery\"},{\"Id\":\"1_DEB537E\",\"Description\":\"Bakery\"},{\"Id\":\"1_9E92C35\",\"Description\":\"Lunch Box\"}]",
                  "piessubcategorynamesjson": "[\"Lunch Box Snacks\",\"Muffins, Scones & Cupcakes\",\"Bakery Snacks\"]",
                  "sapsegmentno": "2",
                  "productwidthmm": null,
                  "contains": null,
                  "sapsubcategoryname": "RESALE CAKE INSTORE",
                  "dermatologisttested": null,
                  "wool_productpackaging": null,
                  "dermatologicallyapproved": null,
                  "specialsgroupid": null,
                  "productimages": "883116.jpg,883116_2.jpg,883116_3.jpg,883116_6.jpg,883116_7.jpg,883116_10.jpg",
                  "productheightmm": null,
                  "r&r_hidereviews": null,
                  "microwavesafe": "False",
                  "paba-free": null,
                  "lifestyleclaim": "Vegetarian",
                  "alcoholfree": null,
                  "tgawarning": null,
                  "activeconstituents": null,
                  "microwaveable": "False",
                  "soap-free": null,
                  "countryoforigin": null,
                  "isexcludedfromsubstitution": "False",
                  "productimagecount": "6",
                  "r&r_loggedinreviews": null,
                  "anti-dandruff": null,
                  "servingsize-total-nip": null,
                  "tgahealthwarninglink": null,
                  "allergenmaybepresent": "Peanuts, Tree Nuts, Soy, Sesame, Pecan, Brazil Nut, Walnut, Almond, Macadamia, HazelNut, Pistachio",
                  "PiesProductDepartmentNodeId": "1_39FD49C",
                  "parabenfree": "False",
                  "vendorarticleid": null,
                  "containsgluten": "False",
                  "containsnuts": "False",
                  "ingredients": "Wheat Flour, Water, Sugar, Canola Oil, Dark Chocolate (12%) (Cocoa Solids (50%) (Cocoa Liquor (1), Cocoa Butter (1), Cocoa Powder (1)), Sugar, Emulsifier (Lecithin (Sunflower)), Natural Flavour), Cocoa Powder (1) (2.5%), Egg Powder, Whey Powder (Milk), Raising Agents (450, 501), Thickeners (1422, 415), Dextrose, Salt, Preservative (202).(1) Rainforest Alliance Certified. Find out more at ra.org.",
                  "colour": null,
                  "manufacturer": null,
                  "sapcategoryno": "56",
                  "storageinstructions": "This product has been frozen from fresh and thawed for your convenience.;Store in a cool, dry place.",
                  "tgawarnings": null,
                  "piesdepartmentnamesjson": "[\"Pantry\",\"Snacks & Confectionery\",\"Bakery\",\"Lunch Box\"]",
                  "brand": "woolworths",
                  "oilfree": null,
                  "fragrance": null,
                  "antibacterial": "False",
                  "non-comedogenic": null,
                  "antiseptic": "False",
                  "bpafree": "False",
                  "vendorcostprice": null,
                  "description": "Twice the chocolate makes these adorable mini muffins twice as nice. Woolworths Bakery Double Chocolate Mini Muffins contain a double whammy of chocolatey goodness, with rich chocolate muffins packed with dark chocolate chips.\n<br/><br/>\nFluffy, moist and bursting with rich chocolate flavours, our Double Chocolate Mini Muffins are set to make tea time twice as good. These mini muffins are free from artificial colours and flavours, so tuck in and satisfy those chocolate cravings.",
                  "sweatresistant": null,
                  "sapsubcategoryno": "988",
                  "antioxidant": "False",
                  "claims": null,
                  "phbalanced": null,
                  "wool_dietaryclaim": null,
                  "ophthalmologisttested": null,
                  "sulfatefree": "False",
                  "servingsperpack-total-nip": null,
                  "piescategorynamesjson": "[\"Snacks\",\"Packaged Bread & Bakery\",\"Snacks\"]",
                  "nutritionalinformation": "{\"Name\":\"Nutritional Information\",\"Attributes\":[{\"Id\":702,\"Name\":\"Calcium Quantity Per 100g - Total - NIP\",\"Value\":\"39mg\",\"Description\":\"Calcium Quantity Per 100g - Total - NIP\",\"SortOrder\":71},{\"Id\":47,\"Name\":\"Calcium Quantity Per Serve - Total - NIP\",\"Value\":\"15.58mg\",\"Description\":\"Calcium Quantity Per Serve - Total - NIP\",\"SortOrder\":75},{\"Id\":705,\"Name\":\"Carbohydrate Quantity Per 100g - Total - NIP\",\"Value\":\"46.70g\",\"Description\":\"Carbohydrate Quantity Per 100g - Total - NIP\",\"SortOrder\":83},{\"Id\":706,\"Name\":\"Carbohydrate Quantity Per Serve - Total - NIP\",\"Value\":\"18.70g\",\"Description\":\"Carbohydrate Quantity Per Serve - Total - NIP\",\"SortOrder\":87},{\"Id\":714,\"Name\":\"Cholesterol Quantity Per 100g - Total - NIP\",\"Value\":\"47mg\",\"Description\":\"Cholesterol Quantity Per 100g - Total - NIP\",\"SortOrder\":111},{\"Id\":125,\"Name\":\"Cholesterol Quantity Per Serve - Total - NIP\",\"Value\":\"18.77mg\",\"Description\":\"Cholesterol Quantity Per Serve - Total - NIP\",\"SortOrder\":115},{\"Id\":191,\"Name\":\"Dietary Fibre Quantity Per 100g - Total - NIP\",\"Value\":\"2.30g\",\"Description\":\"Dietary Fibre Quantity Per 100g - Total - NIP\",\"SortOrder\":175},{\"Id\":120,\"Name\":\"Dietary Fibre Quantity Per Serve - Total - NIP\",\"Value\":\"<0.90g\",\"Description\":\"Dietary Fibre Quantity Per Serve - Total - NIP\",\"SortOrder\":179},{\"Id\":759,\"Name\":\"Energy kJ Quantity Per 100g - Total - NIP\",\"Value\":\"1560.00kJ\",\"Description\":\"Energy kJ Quantity Per 100g - Total - NIP\",\"SortOrder\":239},{\"Id\":760,\"Name\":\"Energy kJ Quantity Per Serve - Total - NIP\",\"Value\":\"624.00kJ\",\"Description\":\"Energy kJ Quantity Per Serve - Total - NIP\",\"SortOrder\":243},{\"Id\":253,\"Name\":\"Fat Saturated Quantity Per 100g - Total - NIP\",\"Value\":\"4.00g\",\"Description\":\"Fat Saturated Quantity Per 100g - Total - NIP\",\"SortOrder\":251},{\"Id\":258,\"Name\":\"Fat Saturated Quantity Per Serve - Total - NIP\",\"Value\":\"1.60g\",\"Description\":\"Fat Saturated Quantity Per Serve - Total - NIP\",\"SortOrder\":255},{\"Id\":764,\"Name\":\"Fat Total Quantity Per 100g - Total - NIP\",\"Value\":\"17.70g\",\"Description\":\"Fat Total Quantity Per 100g - Total - NIP\",\"SortOrder\":263},{\"Id\":166,\"Name\":\"Fat Total Quantity Per 100g - ValueWord - NIP\",\"Value\":\"17.70\",\"Description\":\"Fat Total Quantity Per 100g - ValueWord - NIP\",\"SortOrder\":264},{\"Id\":264,\"Name\":\"Fat Total Quantity Per Serve - Total - NIP\",\"Value\":\"7.10g\",\"Description\":\"Fat Total Quantity Per Serve - Total - NIP\",\"SortOrder\":267},{\"Id\":402,\"Name\":\"Monounsaturated Quantity Per 100g - Total - NIP\",\"Value\":\"10.39g\",\"Description\":\"Monounsaturated Quantity Per 100g - Total - NIP\",\"SortOrder\":479},{\"Id\":834,\"Name\":\"Monounsaturated Quantity Per Serve - Total - NIP\",\"Value\":\"4.15g\",\"Description\":\"Monounsaturated Quantity Per Serve - Total - NIP\",\"SortOrder\":483},{\"Id\":434,\"Name\":\"Polyunsaturated Quantity Per 100g - Total - NIP\",\"Value\":\"4.6g\",\"Description\":\"Polyunsaturated Quantity Per 100g - Total - NIP\",\"SortOrder\":563},{\"Id\":435,\"Name\":\"Polyunsaturated Quantity Per Serve - Total - NIP\",\"Value\":\"1.84g\",\"Description\":\"Polyunsaturated Quantity Per Serve - Total - NIP\",\"SortOrder\":567},{\"Id\":443,\"Name\":\"Potassium Quantity Per 100g - Total - NIP\",\"Value\":\"304mg\",\"Description\":\"Potassium Quantity Per 100g - Total - NIP\",\"SortOrder\":575},{\"Id\":493,\"Name\":\"Potassium Quantity Per Serve - Total - NIP\",\"Value\":\"121.41mg\",\"Description\":\"Potassium Quantity Per Serve - Total - NIP\",\"SortOrder\":579},{\"Id\":878,\"Name\":\"Protein Quantity Per 100g - Total - NIP\",\"Value\":\"5.20g\",\"Description\":\"Protein Quantity Per 100g - Total - NIP\",\"SortOrder\":587},{\"Id\":882,\"Name\":\"Protein Quantity Per Serve - Total - NIP\",\"Value\":\"2.10g\",\"Description\":\"Protein Quantity Per Serve - Total - NIP\",\"SortOrder\":591},{\"Id\":477,\"Name\":\"Serving Size - Total - NIP\",\"Value\":\"40.00g\",\"Description\":\"Serving Size - Total - NIP\",\"SortOrder\":607},{\"Id\":544,\"Name\":\"Servings Per Pack - Total - NIP\",\"Value\":\"8.00\",\"Description\":\"Servings Per Pack - Total - NIP\",\"SortOrder\":611},{\"Id\":491,\"Name\":\"Sodium Quantity Per 100g - Total - NIP\",\"Value\":\"320.00mg\",\"Description\":\"Sodium Quantity Per 100g - Total - NIP\",\"SortOrder\":623},{\"Id\":495,\"Name\":\"Sodium Quantity Per Serve - Total - NIP\",\"Value\":\"128.00mg\",\"Description\":\"Sodium Quantity Per Serve - Total - NIP\",\"SortOrder\":627},{\"Id\":907,\"Name\":\"Sugars Quantity Per 100g - Prefix - NIP\",\"Value\":\"Approx.\",\"Description\":\"Sugars Quantity Per 100g - Prefix - NIP\",\"SortOrder\":645},{\"Id\":908,\"Name\":\"Sugars Quantity Per 100g - SuffixUnits - NIP\",\"Value\":\"g\",\"Description\":\"Sugars Quantity Per 100g - SuffixUnits - NIP\",\"SortOrder\":646},{\"Id\":909,\"Name\":\"Sugars Quantity Per 100g - Total - NIP\",\"Value\":\"27.10g\",\"Description\":\"Sugars Quantity Per 100g - Total - NIP\",\"SortOrder\":647},{\"Id\":910,\"Name\":\"Sugars Quantity Per 100g - ValueWord - NIP\",\"Value\":\"27.10\",\"Description\":\"Sugars Quantity Per 100g - ValueWord - NIP\",\"SortOrder\":648},{\"Id\":504,\"Name\":\"Sugars Quantity Per Serve - Prefix - NIP\",\"Value\":\"Approx.\",\"Description\":\"Sugars Quantity Per Serve - Prefix - NIP\",\"SortOrder\":649},{\"Id\":911,\"Name\":\"Sugars Quantity Per Serve - SuffixUnits - NIP\",\"Value\":\"g\",\"Description\":\"Sugars Quantity Per Serve - SuffixUnits - NIP\",\"SortOrder\":650},{\"Id\":912,\"Name\":\"Sugars Quantity Per Serve - Total - NIP\",\"Value\":\"10.80g\",\"Description\":\"Sugars Quantity Per Serve - Total - NIP\",\"SortOrder\":651},{\"Id\":572,\"Name\":\"Sugars Quantity Per Serve - ValueWord - NIP\",\"Value\":\"10.80\",\"Description\":\"Sugars Quantity Per Serve - ValueWord - NIP\",\"SortOrder\":652},{\"Id\":593,\"Name\":\"Trans Quantity Per 100g - Total - NIP\",\"Value\":null,\"Description\":\"Trans Quantity Per 100g - Total - NIP\",\"SortOrder\":667},{\"Id\":510,\"Name\":\"Trans Quantity Per Serve - Total - NIP\",\"Value\":\"<0.1g\",\"Description\":\"Trans Quantity Per Serve - Total - NIP\",\"SortOrder\":671}]}",
                  "ovencook": "False",
                  "vegetarian": "False",
                  "hypo-allergenic": null,
                  "timer": null,
                  "dermatologistrecommended": null,
                  "sapdepartmentno": "45",
                  "allergencontains": "Egg, Milk, Gluten, Wheat",
                  "waterresistant": null,
                  "friendlydisclaimer": null,
                  "recyclableinformation": null,
                  "usageinstructions": null,
                  "freezable": "False"
              },
              "DetailsImagePaths": [
                  "https://cdn0.woolworths.media/content/wowproductimages/large/883116.jpg"
              ],
              "Variety": null,
              "Rating": {
                  "ReviewCount": 0,
                  "RatingCount": 0,
                  "RatingSum": 0,
                  "OneStarCount": 0,
                  "TwoStarCount": 0,
                  "ThreeStarCount": 0,
                  "FourStarCount": 0,
                  "FiveStarCount": 0,
                  "Average": 0,
                  "OneStarPercentage": 0,
                  "TwoStarPercentage": 0,
                  "ThreeStarPercentage": 0,
                  "FourStarPercentage": 0,
                  "FiveStarPercentage": 0
              },
              "HasProductSubs": false,
              "IsSponsoredAd": false,
              "AdID": null,
              "AdIndex": null,
              "IsMarketProduct": false,
              "IsGiftable": false,
              "Vendor": null,
              "Untraceable": false,
              "ThirdPartyProductInfo": null,
              "MarketFeatures": null,
              "MarketSpecifications": null,
              "SupplyLimitSource": "StockQuantity",
              "Tags": [
                  {
                      "Content": {
                          "Type": "Label",
                          "Position": "Top",
                          "Attributes": {
                              "Text": "LOW PRICE",
                              "Promotion": "LowPrice",
                              "BackgroundColor": "#c20016",
                              "BorderColor": "#c20016",
                              "TextColor": "#fff"
                          }
                      },
                      "TemplateId": null,
                      "Metadata": null
                  }
              ],
              "IsPersonalisedByPurchaseHistory": false,
              "IsFromFacetedSearch": false,
              "NextAvailabilityDate": "2024-02-22T00:00:00.0000000Z",
              "NumberOfSubstitutes": 0,
              "IsPrimaryVariant": false,
              "VariantGroupId": 0,
              "HasVariants": false,
              "VariantTitle": null,
              "IsTobacco": false
          }
      ],
      "Name": "Woolworths Mini Double Choc Muffins",
      "DisplayName": "Woolworths Mini Double Choc Muffins 8 Pack"
  },
  {
      "Products": [
          {
              "TileID": 0,
              "Stockcode": 747081,
              "Barcode": "0284606000002",
              "GtinFormat": 13,
              "CupPrice": 0.44,
              "InstoreCupPrice": 0.44,
              "CupMeasure": "1EA",
              "CupString": "$0.44 / 1EA",
              "InstoreCupString": "$0.44 / 1EA",
              "HasCupPrice": true,
              "InstoreHasCupPrice": true,
              "Price": 4,
              "InstorePrice": 4,
              "Name": "Woolworths Mini Extra Soft Hot Cross Buns",
              "DisplayName": "Woolworths Mini Extra Soft Hot Cross Buns 9 Pack",
              "UrlFriendlyName": "woolworths-mini-extra-soft-hot-cross-buns",
              "Description": " Woolworths Mini Extra Soft<br>Hot Cross Buns 9 Pack",
              "SmallImageFile": "https://cdn0.woolworths.media/content/wowproductimages/small/747081.jpg",
              "MediumImageFile": "https://cdn0.woolworths.media/content/wowproductimages/medium/747081.jpg",
              "LargeImageFile": "https://cdn0.woolworths.media/content/wowproductimages/large/747081.jpg",
              "IsNew": false,
              "IsHalfPrice": false,
              "IsOnlineOnly": false,
              "IsOnSpecial": false,
              "InstoreIsOnSpecial": false,
              "IsEdrSpecial": false,
              "SavingsAmount": 0,
              "InstoreSavingsAmount": 0,
              "WasPrice": 4,
              "InstoreWasPrice": 4,
              "QuantityInTrolley": 0,
              "Unit": "Each",
              "MinimumQuantity": 1,
              "HasBeenBoughtBefore": false,
              "IsInTrolley": false,
              "Source": "Aisle.Bakery",
              "SupplyLimit": 36,
              "ProductLimit": 36,
              "MaxSupplyLimitMessage": "36 item limit",
              "IsRanged": true,
              "IsInStock": true,
              "PackageSize": "9 Pack",
              "IsPmDelivery": true,
              "IsForCollection": true,
              "IsForDelivery": true,
              "IsForExpress": true,
              "ProductRestrictionMessage": "Afternoon delivery & pick up",
              "ProductWarningMessage": "Afternoon delivery & pick up",
              "CentreTag": {
                  "TagContent": "<a title=\"Offer Details Here\" href=\"/Shop/ProductGroup/409165\"><span>Offer Details Here </span><i aria-hidden=\"true\" class=\"iconAct-Chevron_Right\"></i></a>",
                  "TagLink": null,
                  "FallbackText": null,
                  "TagType": "Html",
                  "MultibuyData": null,
                  "MemberPriceData": null,
                  "TagContentText": "Offer Details Here ",
                  "DualImageTagContent": null,
                  "PromotionType": "NOT_SET",
                  "IsRegisteredRewardCardPromotion": false
              },
              "IsCentreTag": true,
              "ImageTag": {
                  "TagContent": "/content/promotiontags/online-only-special-green-roundel.png",
                  "TagLink": null,
                  "FallbackText": null,
                  "TagType": "None",
                  "MultibuyData": null,
                  "MemberPriceData": null,
                  "TagContentText": null,
                  "DualImageTagContent": null,
                  "PromotionType": "NOT_SET",
                  "IsRegisteredRewardCardPromotion": false
              },
              "HeaderTag": null,
              "HasHeaderTag": false,
              "UnitWeightInGrams": 0,
              "SupplyLimitMessage": "'Woolworths Mini Extra Soft Hot Cross Buns' has a supply limit of 36. The quantity in your cart has been reduced accordingly. To purchase a larger quantity, please contact us on 1800 000 610. Please note we do not supply trade orders.",
              "SmallFormatDescription": "Woolworths Mini Extra Soft Hot Cross Buns",
              "FullDescription": "Woolworths Mini Extra Soft Hot Cross Buns",
              "IsAvailable": true,
              "InstoreIsAvailable": false,
              "IsPurchasable": true,
              "InstoreIsPurchasable": false,
              "AgeRestricted": false,
              "DisplayQuantity": 1,
              "RichDescription": null,
              "HideWasSavedPrice": false,
              "SapCategories": null,
              "Brand": "Woolworths",
              "IsRestrictedByDeliveryMethod": false,
              "FooterTag": {
                  "TagContent": null,
                  "TagLink": null,
                  "FallbackText": null,
                  "TagType": "None",
                  "MultibuyData": null,
                  "MemberPriceData": null,
                  "TagContentText": null,
                  "DualImageTagContent": null,
                  "PromotionType": "NOT_SET",
                  "IsRegisteredRewardCardPromotion": false
              },
              "IsFooterEnabled": true,
              "Diagnostics": "94",
              "IsBundle": false,
              "IsInFamily": false,
              "ChildProducts": null,
              "UrlOverride": null,
              "AdditionalAttributes": {
                  "boxedcontents": null,
                  "addedvitaminsandminerals": "False",
                  "sapdepartmentname": "BAKEHOUSE",
                  "spf": null,
                  "haircolour": null,
                  "lifestyleanddietarystatement": null,
                  "sapcategoryname": "INSTORE BAKERY",
                  "skintype": null,
                  "importantinformation": null,
                  "allergystatement": "Fish Free",
                  "productdepthmm": null,
                  "skincondition": null,
                  "ophthalmologistapproved": null,
                  "healthstarrating": null,
                  "hairtype": null,
                  "fragrance-free": null,
                  "sapsegmentname": "SEASONAL",
                  "suitablefor": null,
                  "PiesProductDepartmentsjson": "[{\"Id\":\"1_DEB537E\",\"Description\":\"Bakery\"},{\"Id\":\"1_C4BB750\",\"Description\":\"Easter\"}]",
                  "piessubcategorynamesjson": "[\"Muffins & Scones\",\"Bread\",\"Traditional & Indulgent\"]",
                  "sapsegmentno": "3",
                  "productwidthmm": null,
                  "contains": null,
                  "sapsubcategoryname": "ISB SNACK BREAD",
                  "dermatologisttested": null,
                  "wool_productpackaging": null,
                  "dermatologicallyapproved": null,
                  "specialsgroupid": null,
                  "productimages": "747081.jpg,747081_7.jpg",
                  "productheightmm": null,
                  "r&r_hidereviews": null,
                  "microwavesafe": "False",
                  "paba-free": null,
                  "lifestyleclaim": null,
                  "alcoholfree": null,
                  "tgawarning": null,
                  "activeconstituents": null,
                  "microwaveable": "False",
                  "soap-free": null,
                  "countryoforigin": null,
                  "isexcludedfromsubstitution": "False",
                  "productimagecount": "2",
                  "r&r_loggedinreviews": null,
                  "anti-dandruff": null,
                  "servingsize-total-nip": null,
                  "tgahealthwarninglink": null,
                  "allergenmaybepresent": "EGG, LUPIN, MILK, PEANUTS, TREE NUTS, SESAME.",
                  "PiesProductDepartmentNodeId": "1_DEB537E",
                  "parabenfree": "False",
                  "vendorarticleid": null,
                  "containsgluten": "False",
                  "containsnuts": "False",
                  "ingredients": "Wheat Flour (Vitamins (Thiamin, Folic Acid)), Fr uit Mix (24%) (Sultanas, Currants, Vegetable Oils) , Water, Sugar, Yeast, Glaze (Water, Glucose (Pres ervative (220)), Sugar, Vegetable Gum (440), Acidi ty Regulator (330), Preservative (202), Emulsifier (435)), Canola Oil, Wheat Starch, Wheat Gluten, S pices, Iodised Salt, Emulsifiers (477, 471, 475, 4 81), Thickener (415 (Soy)), Salt, Processing Aid ( Wheat). <br>",
                  "colour": null,
                  "manufacturer": null,
                  "sapcategoryno": "56",
                  "storageinstructions": null,
                  "tgawarnings": null,
                  "piesdepartmentnamesjson": "[\"Bakery\",\"Easter\"]",
                  "brand": "woolworths",
                  "oilfree": null,
                  "fragrance": null,
                  "antibacterial": "False",
                  "non-comedogenic": null,
                  "antiseptic": "False",
                  "bpafree": "False",
                  "vendorcostprice": null,
                  "description": "Our traditional mini hot cross buns are full of fruit and made with Australian flour. Enjoy them just as they are, or lightly toasted with a spread of your choice.<div><br/><br/> <div>Discover tips, tricks and recipes with our <a href= \"https://www.woolworths.com.au/shop/discover/fresh/fresh-food-guide-hot-cross-buns\"target=\"_blank\"><b>helpful hot cross bun guide.</b></a></div></p></div>",
                  "sweatresistant": null,
                  "sapsubcategoryno": "849",
                  "antioxidant": "False",
                  "claims": null,
                  "phbalanced": null,
                  "wool_dietaryclaim": null,
                  "ophthalmologisttested": null,
                  "sulfatefree": "False",
                  "servingsperpack-total-nip": null,
                  "piescategorynamesjson": "[\"In-Store Bakery\",\"Hot Cross Buns\"]",
                  "nutritionalinformation": "{\"Name\":\"Nutritional Information\",\"Attributes\":[{\"Id\":705,\"Name\":\"Carbohydrate Quantity Per 100g - Total - NIP\",\"Value\":\"52.70g\",\"Description\":\"Carbohydrate Quantity Per 100g - Total - NIP\",\"SortOrder\":83},{\"Id\":706,\"Name\":\"Carbohydrate Quantity Per Serve - Total - NIP\",\"Value\":\"26.40g\",\"Description\":\"Carbohydrate Quantity Per Serve - Total - NIP\",\"SortOrder\":87},{\"Id\":191,\"Name\":\"Dietary Fibre Quantity Per 100g - Total - NIP\",\"Value\":\"3.00g\",\"Description\":\"Dietary Fibre Quantity Per 100g - Total - NIP\",\"SortOrder\":175},{\"Id\":120,\"Name\":\"Dietary Fibre Quantity Per Serve - Total - NIP\",\"Value\":\"1.50g\",\"Description\":\"Dietary Fibre Quantity Per Serve - Total - NIP\",\"SortOrder\":179},{\"Id\":759,\"Name\":\"Energy kJ Quantity Per 100g - Total - NIP\",\"Value\":\"1160.00kJ\",\"Description\":\"Energy kJ Quantity Per 100g - Total - NIP\",\"SortOrder\":239},{\"Id\":760,\"Name\":\"Energy kJ Quantity Per Serve - Total - NIP\",\"Value\":\"580.00kJ\",\"Description\":\"Energy kJ Quantity Per Serve - Total - NIP\",\"SortOrder\":243},{\"Id\":253,\"Name\":\"Fat Saturated Quantity Per 100g - Total - NIP\",\"Value\":\"0.40g\",\"Description\":\"Fat Saturated Quantity Per 100g - Total - NIP\",\"SortOrder\":251},{\"Id\":258,\"Name\":\"Fat Saturated Quantity Per Serve - Total - NIP\",\"Value\":\"0.20g\",\"Description\":\"Fat Saturated Quantity Per Serve - Total - NIP\",\"SortOrder\":255},{\"Id\":764,\"Name\":\"Fat Total Quantity Per 100g - Total - NIP\",\"Value\":\"3.40g\",\"Description\":\"Fat Total Quantity Per 100g - Total - NIP\",\"SortOrder\":263},{\"Id\":166,\"Name\":\"Fat Total Quantity Per 100g - ValueWord - NIP\",\"Value\":\"3.40\",\"Description\":\"Fat Total Quantity Per 100g - ValueWord - NIP\",\"SortOrder\":264},{\"Id\":264,\"Name\":\"Fat Total Quantity Per Serve - Total - NIP\",\"Value\":\"1.70g\",\"Description\":\"Fat Total Quantity Per Serve - Total - NIP\",\"SortOrder\":267},{\"Id\":878,\"Name\":\"Protein Quantity Per 100g - Total - NIP\",\"Value\":\"6.90g\",\"Description\":\"Protein Quantity Per 100g - Total - NIP\",\"SortOrder\":587},{\"Id\":882,\"Name\":\"Protein Quantity Per Serve - Total - NIP\",\"Value\":\"3.40g\",\"Description\":\"Protein Quantity Per Serve - Total - NIP\",\"SortOrder\":591},{\"Id\":477,\"Name\":\"Serving Size - Total - NIP\",\"Value\":\"50g\",\"Description\":\"Serving Size - Total - NIP\",\"SortOrder\":607},{\"Id\":544,\"Name\":\"Servings Per Pack - Total - NIP\",\"Value\":\"9\",\"Description\":\"Servings Per Pack - Total - NIP\",\"SortOrder\":611},{\"Id\":491,\"Name\":\"Sodium Quantity Per 100g - Total - NIP\",\"Value\":\"158.00mg\",\"Description\":\"Sodium Quantity Per 100g - Total - NIP\",\"SortOrder\":623},{\"Id\":495,\"Name\":\"Sodium Quantity Per Serve - Total - NIP\",\"Value\":\"79.00mg\",\"Description\":\"Sodium Quantity Per Serve - Total - NIP\",\"SortOrder\":627},{\"Id\":907,\"Name\":\"Sugars Quantity Per 100g - Prefix - NIP\",\"Value\":null,\"Description\":\"Sugars Quantity Per 100g - Prefix - NIP\",\"SortOrder\":645},{\"Id\":908,\"Name\":\"Sugars Quantity Per 100g - SuffixUnits - NIP\",\"Value\":\"g\",\"Description\":\"Sugars Quantity Per 100g - SuffixUnits - NIP\",\"SortOrder\":646},{\"Id\":909,\"Name\":\"Sugars Quantity Per 100g - Total - NIP\",\"Value\":\"20.30g\",\"Description\":\"Sugars Quantity Per 100g - Total - NIP\",\"SortOrder\":647},{\"Id\":910,\"Name\":\"Sugars Quantity Per 100g - ValueWord - NIP\",\"Value\":\"20.30\",\"Description\":\"Sugars Quantity Per 100g - ValueWord - NIP\",\"SortOrder\":648},{\"Id\":504,\"Name\":\"Sugars Quantity Per Serve - Prefix - NIP\",\"Value\":null,\"Description\":\"Sugars Quantity Per Serve - Prefix - NIP\",\"SortOrder\":649},{\"Id\":911,\"Name\":\"Sugars Quantity Per Serve - SuffixUnits - NIP\",\"Value\":\"g\",\"Description\":\"Sugars Quantity Per Serve - SuffixUnits - NIP\",\"SortOrder\":650},{\"Id\":912,\"Name\":\"Sugars Quantity Per Serve - Total - NIP\",\"Value\":\"10.20g\",\"Description\":\"Sugars Quantity Per Serve - Total - NIP\",\"SortOrder\":651},{\"Id\":572,\"Name\":\"Sugars Quantity Per Serve - ValueWord - NIP\",\"Value\":\"10.20\",\"Description\":\"Sugars Quantity Per Serve - ValueWord - NIP\",\"SortOrder\":652}]}",
                  "ovencook": "False",
                  "vegetarian": "False",
                  "hypo-allergenic": null,
                  "timer": null,
                  "dermatologistrecommended": null,
                  "sapdepartmentno": "45",
                  "allergencontains": "GLUTEN,WHEAT,SOY.",
                  "waterresistant": null,
                  "friendlydisclaimer": null,
                  "recyclableinformation": null,
                  "usageinstructions": null,
                  "freezable": "False"
              },
              "DetailsImagePaths": [
                  "https://cdn0.woolworths.media/content/wowproductimages/large/747081.jpg"
              ],
              "Variety": "Hot Cross Buns",
              "Rating": {
                  "ReviewCount": 0,
                  "RatingCount": 0,
                  "RatingSum": 0,
                  "OneStarCount": 0,
                  "TwoStarCount": 0,
                  "ThreeStarCount": 0,
                  "FourStarCount": 0,
                  "FiveStarCount": 0,
                  "Average": 0,
                  "OneStarPercentage": 0,
                  "TwoStarPercentage": 0,
                  "ThreeStarPercentage": 0,
                  "FourStarPercentage": 0,
                  "FiveStarPercentage": 0
              },
              "HasProductSubs": false,
              "IsSponsoredAd": false,
              "AdID": null,
              "AdIndex": null,
              "IsMarketProduct": false,
              "IsGiftable": false,
              "Vendor": null,
              "Untraceable": false,
              "ThirdPartyProductInfo": null,
              "MarketFeatures": null,
              "MarketSpecifications": null,
              "SupplyLimitSource": "ProductLimit",
              "Tags": [
                  {
                      "Content": {
                          "Type": "Roundel",
                          "Position": "Top",
                          "Attributes": {
                              "ImagePath": "/content/promotiontags/online-only-special-green-roundel.png",
                              "FallbackText": null
                          }
                      },
                      "TemplateId": null,
                      "Metadata": null
                  },
                  {
                      "Content": {
                          "Type": "PromotionInformation",
                          "Position": "Top",
                          "Attributes": {
                              "TagLink": null,
                              "Text": "Offer Details Here ",
                              "Html": "<a title=\"Offer Details Here\" href=\"/Shop/ProductGroup/409165\"><span>Offer Details Here </span><i aria-hidden=\"true\" class=\"iconAct-Chevron_Right\"></i></a>",
                              "IsRegisteredRewardCardPromotion": "False"
                          }
                      },
                      "TemplateId": null,
                      "Metadata": null
                  }
              ],
              "IsPersonalisedByPurchaseHistory": false,
              "IsFromFacetedSearch": false,
              "NextAvailabilityDate": "2024-02-22T00:00:00.0000000Z",
              "NumberOfSubstitutes": 0,
              "IsPrimaryVariant": false,
              "VariantGroupId": 0,
              "HasVariants": false,
              "VariantTitle": null,
              "IsTobacco": false
          }
      ],
      "Name": "Woolworths Mini Extra Soft Hot Cross Buns",
      "DisplayName": "Woolworths Mini Extra Soft Hot Cross Buns 9 Pack"
  },
  {
      "Products": [
          {
              "TileID": 0,
              "Stockcode": 197276,
              "Barcode": "9310043009900",
              "GtinFormat": 13,
              "CupPrice": 0.63,
              "InstoreCupPrice": 0.63,
              "CupMeasure": "100G",
              "CupString": "$0.63 / 100G",
              "InstoreCupString": "$0.63 / 100G",
              "HasCupPrice": true,
              "InstoreHasCupPrice": true,
              "Price": 4.4,
              "InstorePrice": 4.4,
              "Name": "Tip Top 9 Grain Classic Sandwich Bread",
              "DisplayName": "Tip Top 9 Grain Classic Sandwich Bread 700g",
              "UrlFriendlyName": "tip-top-9-grain-classic-sandwich-bread",
              "Description": " Tip Top 9 Grain Classic<br>Sandwich Bread 700g",
              "SmallImageFile": "https://cdn0.woolworths.media/content/wowproductimages/small/197276.jpg",
              "MediumImageFile": "https://cdn0.woolworths.media/content/wowproductimages/medium/197276.jpg",
              "LargeImageFile": "https://cdn0.woolworths.media/content/wowproductimages/large/197276.jpg",
              "IsNew": false,
              "IsHalfPrice": false,
              "IsOnlineOnly": false,
              "IsOnSpecial": false,
              "InstoreIsOnSpecial": false,
              "IsEdrSpecial": false,
              "SavingsAmount": 0,
              "InstoreSavingsAmount": 0,
              "WasPrice": 4.4,
              "InstoreWasPrice": 4.4,
              "QuantityInTrolley": 0,
              "Unit": "Each",
              "MinimumQuantity": 1,
              "HasBeenBoughtBefore": false,
              "IsInTrolley": false,
              "Source": "Aisle.Bakery",
              "SupplyLimit": 36,
              "ProductLimit": 36,
              "MaxSupplyLimitMessage": "36 item limit",
              "IsRanged": true,
              "IsInStock": true,
              "PackageSize": "700g",
              "IsPmDelivery": false,
              "IsForCollection": true,
              "IsForDelivery": true,
              "IsForExpress": true,
              "ProductRestrictionMessage": null,
              "ProductWarningMessage": null,
              "CentreTag": {
                  "TagContent": null,
                  "TagLink": null,
                  "FallbackText": null,
                  "TagType": "None",
                  "MultibuyData": null,
                  "MemberPriceData": null,
                  "TagContentText": null,
                  "DualImageTagContent": null,
                  "PromotionType": "NOT_SET",
                  "IsRegisteredRewardCardPromotion": false
              },
              "IsCentreTag": false,
              "ImageTag": {
                  "TagContent": null,
                  "TagLink": null,
                  "FallbackText": "",
                  "TagType": "None",
                  "MultibuyData": null,
                  "MemberPriceData": null,
                  "TagContentText": null,
                  "DualImageTagContent": null,
                  "PromotionType": "NOT_SET",
                  "IsRegisteredRewardCardPromotion": false
              },
              "HeaderTag": {
                  "BackgroundColor": "#c20016",
                  "BorderColor": "#c20016",
                  "TextColor": "#fff",
                  "Content": "LOW PRICE",
                  "TagLink": null,
                  "Promotion": "LowPrice"
              },
              "HasHeaderTag": true,
              "UnitWeightInGrams": 0,
              "SupplyLimitMessage": "'Tip Top 9 Grain Classic Sandwich Bread' has a supply limit of 36. The quantity in your cart has been reduced accordingly. To purchase a larger quantity, please contact us on 1800 000 610. Please note we do not supply trade orders.",
              "SmallFormatDescription": "Tip Top 9 Grain Classic Sandwich Bread",
              "FullDescription": "Tip Top 9 Grain Classic Sandwich Bread",
              "IsAvailable": true,
              "InstoreIsAvailable": false,
              "IsPurchasable": true,
              "InstoreIsPurchasable": false,
              "AgeRestricted": false,
              "DisplayQuantity": 1,
              "RichDescription": null,
              "HideWasSavedPrice": false,
              "SapCategories": null,
              "Brand": "Tip Top",
              "IsRestrictedByDeliveryMethod": false,
              "FooterTag": {
                  "TagContent": "Lower Price Always",
                  "TagLink": null,
                  "FallbackText": null,
                  "TagType": "Html",
                  "MultibuyData": null,
                  "MemberPriceData": null,
                  "TagContentText": null,
                  "DualImageTagContent": null,
                  "PromotionType": "NOT_SET",
                  "IsRegisteredRewardCardPromotion": false
              },
              "IsFooterEnabled": true,
              "Diagnostics": "95",
              "IsBundle": false,
              "IsInFamily": false,
              "ChildProducts": null,
              "UrlOverride": null,
              "AdditionalAttributes": {
                  "boxedcontents": null,
                  "addedvitaminsandminerals": "False",
                  "sapdepartmentname": "PROPRIETARY BAKERY",
                  "spf": null,
                  "haircolour": null,
                  "lifestyleanddietarystatement": "Low Sugar",
                  "sapcategoryname": "PROPRIETARY BAKERY",
                  "skintype": null,
                  "importantinformation": null,
                  "allergystatement": "Dairy Free",
                  "productdepthmm": null,
                  "skincondition": null,
                  "ophthalmologistapproved": null,
                  "healthstarrating": "4",
                  "hairtype": null,
                  "fragrance-free": null,
                  "sapsegmentname": "SEEDS AND GRAINS LOAF",
                  "suitablefor": "Suitable for Vegans and Vegetarians",
                  "PiesProductDepartmentsjson": "[{\"Id\":\"1_9E92C35\",\"Description\":\"Lunch Box\"},{\"Id\":\"1_DEB537E\",\"Description\":\"Bakery\"}]",
                  "piessubcategorynamesjson": "[\"Packaged Bread\",\"Bread & Wraps\"]",
                  "sapsegmentno": "6",
                  "productwidthmm": null,
                  "contains": null,
                  "sapsubcategoryname": "RESALE BREAD",
                  "dermatologisttested": null,
                  "wool_productpackaging": null,
                  "dermatologicallyapproved": null,
                  "specialsgroupid": null,
                  "productimages": "197276.jpg,197276_2.jpg,197276_3.jpg,197276_4.jpg,197276_6.jpg,197276_8.jpg",
                  "productheightmm": null,
                  "r&r_hidereviews": null,
                  "microwavesafe": "False",
                  "paba-free": null,
                  "lifestyleclaim": "HALAL",
                  "alcoholfree": null,
                  "tgawarning": null,
                  "activeconstituents": null,
                  "microwaveable": "False",
                  "soap-free": null,
                  "countryoforigin": null,
                  "isexcludedfromsubstitution": "False",
                  "productimagecount": "6",
                  "r&r_loggedinreviews": null,
                  "anti-dandruff": null,
                  "servingsize-total-nip": null,
                  "tgahealthwarninglink": null,
                  "allergenmaybepresent": "Fish",
                  "PiesProductDepartmentNodeId": "1_9E92C35",
                  "parabenfree": "False",
                  "vendorarticleid": null,
                  "containsgluten": "False",
                  "containsnuts": "False",
                  "ingredients": "Wheat Flour, Water, Mixed Whole Grains (14%) (Kibbled Rye, Kibbled Wheat, Hulled Buckwheat, Kibbled Corn, Kibbled Purple Wheat, Millet, Triticale, Kibbled Barley Rolled Oats), Seeds (Linseed, Sunflower Seeds), Baker's Yeast, Wheat Gluten, Kibbled Soy, Vinegar, Iodised Salt, Canola Oil, Soy Flour, Emulsifiers (472e, 481, 471), Vitamins (Thiamin, Folic Acid), Wheat Malt Flour.",
                  "colour": null,
                  "manufacturer": null,
                  "sapcategoryno": "60",
                  "storageinstructions": "Store in a cool, dry place away from direct sunlight. Enjoy this loaf fresh, or freeze or store it for up to 4 months at or below -15C. On thawing, best consumed immediately.",
                  "tgawarnings": null,
                  "piesdepartmentnamesjson": "[\"Lunch Box\",\"Bakery\"]",
                  "brand": "tip top",
                  "oilfree": null,
                  "fragrance": null,
                  "antibacterial": "False",
                  "non-comedogenic": null,
                  "antiseptic": "False",
                  "bpafree": "False",
                  "vendorcostprice": null,
                  "description": "Tip Top 9 Grain Original Bread 700g<br><br><p><br>Tip Top® is all about home-grown goodness. That's why we bake every day with Aussie wheat. We partner with Foodbank to share goodness with the community. And we use more sustainable packaging wherever we can so Australia stays beautiful for generations to come.<p><br>Benefits:<br><ul><li>Low GI for sustained energy<li><li>High in Fibre<li><li>No artificial Colours, Flavours or Preservatives<li><li>No added Sugar<li><li>20% of your Daily Target of Whole Grains (Two slices of Tip Top 9 Grain contributes 20% of the 48g Whole Grain Daily Target Intake)<li><li>Source of Protein<li><li>Low in saturated Fat<li><ul><br><br>High in Fibre<br><br>Low GI<br><br>Suitable for Vegans and Vegetarians",
                  "sweatresistant": null,
                  "sapsubcategoryno": "950",
                  "antioxidant": "False",
                  "claims": null,
                  "phbalanced": null,
                  "wool_dietaryclaim": null,
                  "ophthalmologisttested": null,
                  "sulfatefree": "False",
                  "servingsperpack-total-nip": null,
                  "piescategorynamesjson": "[\"Lunch\",\"Packaged Bread & Bakery\"]",
                  "nutritionalinformation": "{\"Name\":\"Nutritional Information\",\"Attributes\":[{\"Id\":702,\"Name\":\"Calcium Quantity Per 100g - Total - NIP\",\"Value\":\"95mg\",\"Description\":\"Calcium Quantity Per 100g - Total - NIP\",\"SortOrder\":71},{\"Id\":47,\"Name\":\"Calcium Quantity Per Serve - Total - NIP\",\"Value\":\"70.34mg\",\"Description\":\"Calcium Quantity Per Serve - Total - NIP\",\"SortOrder\":75},{\"Id\":705,\"Name\":\"Carbohydrate Quantity Per 100g - Total - NIP\",\"Value\":\"36.50g\",\"Description\":\"Carbohydrate Quantity Per 100g - Total - NIP\",\"SortOrder\":83},{\"Id\":706,\"Name\":\"Carbohydrate Quantity Per Serve - Total - NIP\",\"Value\":\"27.00g\",\"Description\":\"Carbohydrate Quantity Per Serve - Total - NIP\",\"SortOrder\":87},{\"Id\":191,\"Name\":\"Dietary Fibre Quantity Per 100g - Total - NIP\",\"Value\":\"5.90g\",\"Description\":\"Dietary Fibre Quantity Per 100g - Total - NIP\",\"SortOrder\":175},{\"Id\":120,\"Name\":\"Dietary Fibre Quantity Per Serve - Total - NIP\",\"Value\":\"4.40g\",\"Description\":\"Dietary Fibre Quantity Per Serve - Total - NIP\",\"SortOrder\":179},{\"Id\":759,\"Name\":\"Energy kJ Quantity Per 100g - Total - NIP\",\"Value\":\"1060.00kJ\",\"Description\":\"Energy kJ Quantity Per 100g - Total - NIP\",\"SortOrder\":239},{\"Id\":760,\"Name\":\"Energy kJ Quantity Per Serve - Total - NIP\",\"Value\":\"784.00kJ\",\"Description\":\"Energy kJ Quantity Per Serve - Total - NIP\",\"SortOrder\":243},{\"Id\":253,\"Name\":\"Fat Saturated Quantity Per 100g - Total - NIP\",\"Value\":\"0.70g\",\"Description\":\"Fat Saturated Quantity Per 100g - Total - NIP\",\"SortOrder\":251},{\"Id\":258,\"Name\":\"Fat Saturated Quantity Per Serve - Total - NIP\",\"Value\":\"0.50g\",\"Description\":\"Fat Saturated Quantity Per Serve - Total - NIP\",\"SortOrder\":255},{\"Id\":764,\"Name\":\"Fat Total Quantity Per 100g - Total - NIP\",\"Value\":\"4.90g\",\"Description\":\"Fat Total Quantity Per 100g - Total - NIP\",\"SortOrder\":263},{\"Id\":166,\"Name\":\"Fat Total Quantity Per 100g - ValueWord - NIP\",\"Value\":\"4.90\",\"Description\":\"Fat Total Quantity Per 100g - ValueWord - NIP\",\"SortOrder\":264},{\"Id\":264,\"Name\":\"Fat Total Quantity Per Serve - Total - NIP\",\"Value\":\"3.60g\",\"Description\":\"Fat Total Quantity Per Serve - Total - NIP\",\"SortOrder\":267},{\"Id\":402,\"Name\":\"Monounsaturated Quantity Per 100g - Total - NIP\",\"Value\":\"1.6g\",\"Description\":\"Monounsaturated Quantity Per 100g - Total - NIP\",\"SortOrder\":479},{\"Id\":834,\"Name\":\"Monounsaturated Quantity Per Serve - Total - NIP\",\"Value\":\"1.2g\",\"Description\":\"Monounsaturated Quantity Per Serve - Total - NIP\",\"SortOrder\":483},{\"Id\":434,\"Name\":\"Polyunsaturated Quantity Per 100g - Total - NIP\",\"Value\":\"2.8g\",\"Description\":\"Polyunsaturated Quantity Per 100g - Total - NIP\",\"SortOrder\":563},{\"Id\":435,\"Name\":\"Polyunsaturated Quantity Per Serve - Total - NIP\",\"Value\":\"2.1g\",\"Description\":\"Polyunsaturated Quantity Per Serve - Total - NIP\",\"SortOrder\":567},{\"Id\":443,\"Name\":\"Potassium Quantity Per 100g - Total - NIP\",\"Value\":\"196mg\",\"Description\":\"Potassium Quantity Per 100g - Total - NIP\",\"SortOrder\":575},{\"Id\":493,\"Name\":\"Potassium Quantity Per Serve - Total - NIP\",\"Value\":\"145.12mg\",\"Description\":\"Potassium Quantity Per Serve - Total - NIP\",\"SortOrder\":579},{\"Id\":878,\"Name\":\"Protein Quantity Per 100g - Total - NIP\",\"Value\":\"12.10g\",\"Description\":\"Protein Quantity Per 100g - Total - NIP\",\"SortOrder\":587},{\"Id\":882,\"Name\":\"Protein Quantity Per Serve - Total - NIP\",\"Value\":\"9.00g\",\"Description\":\"Protein Quantity Per Serve - Total - NIP\",\"SortOrder\":591},{\"Id\":477,\"Name\":\"Serving Size - Total - NIP\",\"Value\":\"74.00g\",\"Description\":\"Serving Size - Total - NIP\",\"SortOrder\":607},{\"Id\":544,\"Name\":\"Servings Per Pack - Total - NIP\",\"Value\":\"9.50\",\"Description\":\"Servings Per Pack - Total - NIP\",\"SortOrder\":611},{\"Id\":491,\"Name\":\"Sodium Quantity Per 100g - Total - NIP\",\"Value\":\"380.00mg\",\"Description\":\"Sodium Quantity Per 100g - Total - NIP\",\"SortOrder\":623},{\"Id\":495,\"Name\":\"Sodium Quantity Per Serve - Total - NIP\",\"Value\":\"281.00mg\",\"Description\":\"Sodium Quantity Per Serve - Total - NIP\",\"SortOrder\":627},{\"Id\":907,\"Name\":\"Sugars Quantity Per 100g - Prefix - NIP\",\"Value\":null,\"Description\":\"Sugars Quantity Per 100g - Prefix - NIP\",\"SortOrder\":645},{\"Id\":908,\"Name\":\"Sugars Quantity Per 100g - SuffixUnits - NIP\",\"Value\":\"g\",\"Description\":\"Sugars Quantity Per 100g - SuffixUnits - NIP\",\"SortOrder\":646},{\"Id\":909,\"Name\":\"Sugars Quantity Per 100g - Total - NIP\",\"Value\":\"2.30g\",\"Description\":\"Sugars Quantity Per 100g - Total - NIP\",\"SortOrder\":647},{\"Id\":910,\"Name\":\"Sugars Quantity Per 100g - ValueWord - NIP\",\"Value\":\"2.30\",\"Description\":\"Sugars Quantity Per 100g - ValueWord - NIP\",\"SortOrder\":648},{\"Id\":504,\"Name\":\"Sugars Quantity Per Serve - Prefix - NIP\",\"Value\":null,\"Description\":\"Sugars Quantity Per Serve - Prefix - NIP\",\"SortOrder\":649},{\"Id\":911,\"Name\":\"Sugars Quantity Per Serve - SuffixUnits - NIP\",\"Value\":\"g\",\"Description\":\"Sugars Quantity Per Serve - SuffixUnits - NIP\",\"SortOrder\":650},{\"Id\":912,\"Name\":\"Sugars Quantity Per Serve - Total - NIP\",\"Value\":\"1.70g\",\"Description\":\"Sugars Quantity Per Serve - Total - NIP\",\"SortOrder\":651},{\"Id\":572,\"Name\":\"Sugars Quantity Per Serve - ValueWord - NIP\",\"Value\":\"1.70\",\"Description\":\"Sugars Quantity Per Serve - ValueWord - NIP\",\"SortOrder\":652},{\"Id\":593,\"Name\":\"Trans Quantity Per 100g - Total - NIP\",\"Value\":\"<0.1g\",\"Description\":\"Trans Quantity Per 100g - Total - NIP\",\"SortOrder\":667},{\"Id\":510,\"Name\":\"Trans Quantity Per Serve - Total - NIP\",\"Value\":\"<0.1g\",\"Description\":\"Trans Quantity Per Serve - Total - NIP\",\"SortOrder\":671}]}",
                  "ovencook": "False",
                  "vegetarian": "False",
                  "hypo-allergenic": null,
                  "timer": null,
                  "dermatologistrecommended": null,
                  "sapdepartmentno": "47",
                  "allergencontains": "Cereals, Gluten, Soy, Soy",
                  "waterresistant": null,
                  "friendlydisclaimer": null,
                  "recyclableinformation": null,
                  "usageinstructions": null,
                  "freezable": "False"
              },
              "DetailsImagePaths": [
                  "https://cdn0.woolworths.media/content/wowproductimages/large/197276.jpg"
              ],
              "Variety": "Bread",
              "Rating": {
                  "ReviewCount": 0,
                  "RatingCount": 0,
                  "RatingSum": 0,
                  "OneStarCount": 0,
                  "TwoStarCount": 0,
                  "ThreeStarCount": 0,
                  "FourStarCount": 0,
                  "FiveStarCount": 0,
                  "Average": 0,
                  "OneStarPercentage": 0,
                  "TwoStarPercentage": 0,
                  "ThreeStarPercentage": 0,
                  "FourStarPercentage": 0,
                  "FiveStarPercentage": 0
              },
              "HasProductSubs": false,
              "IsSponsoredAd": false,
              "AdID": null,
              "AdIndex": null,
              "IsMarketProduct": false,
              "IsGiftable": false,
              "Vendor": null,
              "Untraceable": false,
              "ThirdPartyProductInfo": null,
              "MarketFeatures": null,
              "MarketSpecifications": null,
              "SupplyLimitSource": "ProductLimit",
              "Tags": [
                  {
                      "Content": {
                          "Type": "Label",
                          "Position": "Top",
                          "Attributes": {
                              "Text": "LOW PRICE",
                              "Promotion": "LowPrice",
                              "BackgroundColor": "#c20016",
                              "BorderColor": "#c20016",
                              "TextColor": "#fff"
                          }
                      },
                      "TemplateId": null,
                      "Metadata": null
                  }
              ],
              "IsPersonalisedByPurchaseHistory": false,
              "IsFromFacetedSearch": false,
              "NextAvailabilityDate": "2024-02-22T00:00:00.0000000Z",
              "NumberOfSubstitutes": 0,
              "IsPrimaryVariant": false,
              "VariantGroupId": 0,
              "HasVariants": false,
              "VariantTitle": null,
              "IsTobacco": false
          }
      ],
      "Name": "Tip Top 9 Grain Classic Sandwich Bread",
      "DisplayName": "Tip Top 9 Grain Classic Sandwich Bread 700g"
  },
  {
      "Products": [
          {
              "TileID": 0,
              "Stockcode": 85968,
              "Barcode": "9339687165049",
              "GtinFormat": 13,
              "CupPrice": 0.65,
              "InstoreCupPrice": 0.65,
              "CupMeasure": "100G",
              "CupString": "$0.65 / 100G",
              "InstoreCupString": "$0.65 / 100G",
              "HasCupPrice": true,
              "InstoreHasCupPrice": true,
              "Price": 2.6,
              "InstorePrice": 2.6,
              "Name": "Woolworths Stonebaked Turkish Pide Loaf",
              "DisplayName": "Woolworths Stonebaked Turkish Pide Loaf 400g",
              "UrlFriendlyName": "woolworths-stonebaked-turkish-pide-loaf",
              "Description": " Woolworths Stonebaked<br>Turkish Pide Loaf  400G",
              "SmallImageFile": "https://cdn0.woolworths.media/content/wowproductimages/small/085968.jpg",
              "MediumImageFile": "https://cdn0.woolworths.media/content/wowproductimages/medium/085968.jpg",
              "LargeImageFile": "https://cdn0.woolworths.media/content/wowproductimages/large/085968.jpg",
              "IsNew": false,
              "IsHalfPrice": false,
              "IsOnlineOnly": false,
              "IsOnSpecial": false,
              "InstoreIsOnSpecial": false,
              "IsEdrSpecial": false,
              "SavingsAmount": 0,
              "InstoreSavingsAmount": 0,
              "WasPrice": 2.6,
              "InstoreWasPrice": 2.6,
              "QuantityInTrolley": 0,
              "Unit": "Each",
              "MinimumQuantity": 1,
              "HasBeenBoughtBefore": false,
              "IsInTrolley": false,
              "Source": "Aisle.Bakery",
              "SupplyLimit": 18,
              "ProductLimit": 36,
              "MaxSupplyLimitMessage": "18 item(s) left",
              "IsRanged": true,
              "IsInStock": true,
              "PackageSize": "400G",
              "IsPmDelivery": false,
              "IsForCollection": true,
              "IsForDelivery": true,
              "IsForExpress": true,
              "ProductRestrictionMessage": null,
              "ProductWarningMessage": null,
              "CentreTag": {
                  "TagContent": "<span>Was $2.80 - 22/11/2023</span>",
                  "TagLink": null,
                  "FallbackText": null,
                  "TagType": "Html",
                  "MultibuyData": null,
                  "MemberPriceData": null,
                  "TagContentText": "Was $2.80 - 22/11/2023",
                  "DualImageTagContent": null,
                  "PromotionType": "NOT_SET",
                  "IsRegisteredRewardCardPromotion": false
              },
              "IsCentreTag": true,
              "ImageTag": {
                  "TagContent": null,
                  "TagLink": null,
                  "FallbackText": "",
                  "TagType": "None",
                  "MultibuyData": null,
                  "MemberPriceData": null,
                  "TagContentText": null,
                  "DualImageTagContent": null,
                  "PromotionType": "NOT_SET",
                  "IsRegisteredRewardCardPromotion": false
              },
              "HeaderTag": {
                  "BackgroundColor": "#fff",
                  "BorderColor": "#c20016",
                  "TextColor": "#c20016",
                  "Content": "<span class=\"u-semibold\">Prices dropped</span>",
                  "TagLink": null,
                  "Promotion": "PriceDropped"
              },
              "HasHeaderTag": true,
              "UnitWeightInGrams": 0,
              "SupplyLimitMessage": "'Woolworths Stonebaked Turkish Pide Loaf' has a supply limit of 18. The quantity in your cart has been reduced accordingly. To purchase a larger quantity, please contact us on 1800 000 610. Please note we do not supply trade orders.",
              "SmallFormatDescription": "Woolworths Stonebaked Turkish Pide Loaf ",
              "FullDescription": "Woolworths Stonebaked Turkish Pide Loaf ",
              "IsAvailable": true,
              "InstoreIsAvailable": true,
              "IsPurchasable": true,
              "InstoreIsPurchasable": true,
              "AgeRestricted": false,
              "DisplayQuantity": 1,
              "RichDescription": null,
              "HideWasSavedPrice": false,
              "SapCategories": null,
              "Brand": "Woolworths",
              "IsRestrictedByDeliveryMethod": false,
              "FooterTag": {
                  "TagContent": "Price Dropped",
                  "TagLink": null,
                  "FallbackText": null,
                  "TagType": "Html",
                  "MultibuyData": null,
                  "MemberPriceData": null,
                  "TagContentText": null,
                  "DualImageTagContent": null,
                  "PromotionType": "NOT_SET",
                  "IsRegisteredRewardCardPromotion": false
              },
              "IsFooterEnabled": true,
              "Diagnostics": "96",
              "IsBundle": false,
              "IsInFamily": false,
              "ChildProducts": null,
              "UrlOverride": null,
              "AdditionalAttributes": {
                  "boxedcontents": null,
                  "addedvitaminsandminerals": "False",
                  "sapdepartmentname": "PROPRIETARY BAKERY",
                  "spf": null,
                  "haircolour": null,
                  "lifestyleanddietarystatement": "Low Sugar",
                  "sapcategoryname": "PROPRIETARY BAKERY",
                  "skintype": null,
                  "importantinformation": null,
                  "allergystatement": "Lactose Free",
                  "productdepthmm": null,
                  "skincondition": null,
                  "ophthalmologistapproved": null,
                  "healthstarrating": "4",
                  "hairtype": null,
                  "fragrance-free": null,
                  "sapsegmentname": "TURKISH BREAD/ROLLS/PIDE",
                  "suitablefor": null,
                  "PiesProductDepartmentsjson": "[{\"Id\":\"1_DEB537E\",\"Description\":\"Bakery\"}]",
                  "piessubcategorynamesjson": "[\"Wraps & Flatbread\"]",
                  "sapsegmentno": "3",
                  "productwidthmm": null,
                  "contains": null,
                  "sapsubcategoryname": "RESALE INTERNATIONAL BREAD",
                  "dermatologisttested": null,
                  "wool_productpackaging": null,
                  "dermatologicallyapproved": null,
                  "specialsgroupid": null,
                  "productimages": "85968.jpg,85968_6.jpg",
                  "productheightmm": null,
                  "r&r_hidereviews": null,
                  "microwavesafe": "False",
                  "paba-free": null,
                  "lifestyleclaim": "VEGETARIAN",
                  "alcoholfree": null,
                  "tgawarning": null,
                  "activeconstituents": null,
                  "microwaveable": "False",
                  "soap-free": null,
                  "countryoforigin": null,
                  "isexcludedfromsubstitution": "False",
                  "productimagecount": "2",
                  "r&r_loggedinreviews": null,
                  "anti-dandruff": null,
                  "servingsize-total-nip": null,
                  "tgahealthwarninglink": null,
                  "allergenmaybepresent": null,
                  "PiesProductDepartmentNodeId": "1_DEB537E",
                  "parabenfree": "False",
                  "vendorarticleid": null,
                  "containsgluten": "False",
                  "containsnuts": "False",
                  "ingredients": "Wheat Flour, Water, Sesame Seeds, Yeast, Vinegar, Iodised Salt, Canola Oil, Wheat Gluten, Nigella Seed, Preservative (Potassium Sorbate), Mineral Salt (Potassium Chloride), Vitamins (Folic Acid, Thiamin), Processing Aid (Wheat)",
                  "colour": null,
                  "manufacturer": null,
                  "sapcategoryno": "60",
                  "storageinstructions": "Not Suitable for Home Freezing. Product Previously Frozen",
                  "tgawarnings": null,
                  "piesdepartmentnamesjson": "[\"Bakery\"]",
                  "brand": "woolworths",
                  "oilfree": null,
                  "fragrance": null,
                  "antibacterial": "False",
                  "non-comedogenic": null,
                  "antiseptic": "False",
                  "bpafree": "False",
                  "vendorcostprice": null,
                  "description": null,
                  "sweatresistant": null,
                  "sapsubcategoryno": "810",
                  "antioxidant": "False",
                  "claims": null,
                  "phbalanced": null,
                  "wool_dietaryclaim": null,
                  "ophthalmologisttested": null,
                  "sulfatefree": "False",
                  "servingsperpack-total-nip": null,
                  "piescategorynamesjson": "[\"Packaged Bread & Bakery\"]",
                  "nutritionalinformation": "{\"Name\":\"Nutritional Information\",\"Attributes\":[{\"Id\":705,\"Name\":\"Carbohydrate Quantity Per 100g - Total - NIP\",\"Value\":\"43.40g\",\"Description\":\"Carbohydrate Quantity Per 100g - Total - NIP\",\"SortOrder\":83},{\"Id\":706,\"Name\":\"Carbohydrate Quantity Per Serve - Total - NIP\",\"Value\":\"43.40g\",\"Description\":\"Carbohydrate Quantity Per Serve - Total - NIP\",\"SortOrder\":87},{\"Id\":191,\"Name\":\"Dietary Fibre Quantity Per 100g - Total - NIP\",\"Value\":\"3.60g\",\"Description\":\"Dietary Fibre Quantity Per 100g - Total - NIP\",\"SortOrder\":175},{\"Id\":120,\"Name\":\"Dietary Fibre Quantity Per Serve - Total - NIP\",\"Value\":\"3.60g\",\"Description\":\"Dietary Fibre Quantity Per Serve - Total - NIP\",\"SortOrder\":179},{\"Id\":759,\"Name\":\"Energy kJ Quantity Per 100g - Total - NIP\",\"Value\":\"1020.00kJ\",\"Description\":\"Energy kJ Quantity Per 100g - Total - NIP\",\"SortOrder\":239},{\"Id\":760,\"Name\":\"Energy kJ Quantity Per Serve - Total - NIP\",\"Value\":\"1020.00kJ\",\"Description\":\"Energy kJ Quantity Per Serve - Total - NIP\",\"SortOrder\":243},{\"Id\":253,\"Name\":\"Fat Saturated Quantity Per 100g - Total - NIP\",\"Value\":\"1.00g\",\"Description\":\"Fat Saturated Quantity Per 100g - Total - NIP\",\"SortOrder\":251},{\"Id\":258,\"Name\":\"Fat Saturated Quantity Per Serve - Total - NIP\",\"Value\":\"1.00g\",\"Description\":\"Fat Saturated Quantity Per Serve - Total - NIP\",\"SortOrder\":255},{\"Id\":764,\"Name\":\"Fat Total Quantity Per 100g - Total - NIP\",\"Value\":\"2.30g\",\"Description\":\"Fat Total Quantity Per 100g - Total - NIP\",\"SortOrder\":263},{\"Id\":166,\"Name\":\"Fat Total Quantity Per 100g - ValueWord - NIP\",\"Value\":\"2.30\",\"Description\":\"Fat Total Quantity Per 100g - ValueWord - NIP\",\"SortOrder\":264},{\"Id\":264,\"Name\":\"Fat Total Quantity Per Serve - Total - NIP\",\"Value\":\"2.30g\",\"Description\":\"Fat Total Quantity Per Serve - Total - NIP\",\"SortOrder\":267},{\"Id\":878,\"Name\":\"Protein Quantity Per 100g - Total - NIP\",\"Value\":\"9.70g\",\"Description\":\"Protein Quantity Per 100g - Total - NIP\",\"SortOrder\":587},{\"Id\":882,\"Name\":\"Protein Quantity Per Serve - Total - NIP\",\"Value\":\"9.70g\",\"Description\":\"Protein Quantity Per Serve - Total - NIP\",\"SortOrder\":591},{\"Id\":477,\"Name\":\"Serving Size - Total - NIP\",\"Value\":\"100g\",\"Description\":\"Serving Size - Total - NIP\",\"SortOrder\":607},{\"Id\":544,\"Name\":\"Servings Per Pack - Total - NIP\",\"Value\":\"4\",\"Description\":\"Servings Per Pack - Total - NIP\",\"SortOrder\":611},{\"Id\":491,\"Name\":\"Sodium Quantity Per 100g - Total - NIP\",\"Value\":\"370.00mg\",\"Description\":\"Sodium Quantity Per 100g - Total - NIP\",\"SortOrder\":623},{\"Id\":495,\"Name\":\"Sodium Quantity Per Serve - Total - NIP\",\"Value\":\"370.00mg\",\"Description\":\"Sodium Quantity Per Serve - Total - NIP\",\"SortOrder\":627},{\"Id\":907,\"Name\":\"Sugars Quantity Per 100g - Prefix - NIP\",\"Value\":\"Approx.\",\"Description\":\"Sugars Quantity Per 100g - Prefix - NIP\",\"SortOrder\":645},{\"Id\":908,\"Name\":\"Sugars Quantity Per 100g - SuffixUnits - NIP\",\"Value\":\"g\",\"Description\":\"Sugars Quantity Per 100g - SuffixUnits - NIP\",\"SortOrder\":646},{\"Id\":909,\"Name\":\"Sugars Quantity Per 100g - Total - NIP\",\"Value\":\"2.80g\",\"Description\":\"Sugars Quantity Per 100g - Total - NIP\",\"SortOrder\":647},{\"Id\":910,\"Name\":\"Sugars Quantity Per 100g - ValueWord - NIP\",\"Value\":\"2.80\",\"Description\":\"Sugars Quantity Per 100g - ValueWord - NIP\",\"SortOrder\":648},{\"Id\":504,\"Name\":\"Sugars Quantity Per Serve - Prefix - NIP\",\"Value\":\"Approx.\",\"Description\":\"Sugars Quantity Per Serve - Prefix - NIP\",\"SortOrder\":649},{\"Id\":911,\"Name\":\"Sugars Quantity Per Serve - SuffixUnits - NIP\",\"Value\":\"g\",\"Description\":\"Sugars Quantity Per Serve - SuffixUnits - NIP\",\"SortOrder\":650},{\"Id\":912,\"Name\":\"Sugars Quantity Per Serve - Total - NIP\",\"Value\":\"2.80g\",\"Description\":\"Sugars Quantity Per Serve - Total - NIP\",\"SortOrder\":651},{\"Id\":572,\"Name\":\"Sugars Quantity Per Serve - ValueWord - NIP\",\"Value\":\"2.80\",\"Description\":\"Sugars Quantity Per Serve - ValueWord - NIP\",\"SortOrder\":652}]}",
                  "ovencook": "False",
                  "vegetarian": "False",
                  "hypo-allergenic": null,
                  "timer": null,
                  "dermatologistrecommended": null,
                  "sapdepartmentno": "47",
                  "allergencontains": "Sesame, Gluten, Wheat",
                  "waterresistant": null,
                  "friendlydisclaimer": null,
                  "recyclableinformation": null,
                  "usageinstructions": null,
                  "freezable": "False"
              },
              "DetailsImagePaths": [
                  "https://cdn0.woolworths.media/content/wowproductimages/large/085968.jpg"
              ],
              "Variety": null,
              "Rating": {
                  "ReviewCount": 0,
                  "RatingCount": 0,
                  "RatingSum": 0,
                  "OneStarCount": 0,
                  "TwoStarCount": 0,
                  "ThreeStarCount": 0,
                  "FourStarCount": 0,
                  "FiveStarCount": 0,
                  "Average": 0,
                  "OneStarPercentage": 0,
                  "TwoStarPercentage": 0,
                  "ThreeStarPercentage": 0,
                  "FourStarPercentage": 0,
                  "FiveStarPercentage": 0
              },
              "HasProductSubs": false,
              "IsSponsoredAd": false,
              "AdID": null,
              "AdIndex": null,
              "IsMarketProduct": false,
              "IsGiftable": false,
              "Vendor": null,
              "Untraceable": false,
              "ThirdPartyProductInfo": null,
              "MarketFeatures": null,
              "MarketSpecifications": null,
              "SupplyLimitSource": "StockQuantity",
              "Tags": [
                  {
                      "Content": {
                          "Type": "Label",
                          "Position": "Top",
                          "Attributes": {
                              "Text": "<span class=\"u-semibold\">Prices dropped</span>",
                              "Promotion": "PriceDropped",
                              "BackgroundColor": "#fff",
                              "BorderColor": "#c20016",
                              "TextColor": "#c20016"
                          }
                      },
                      "TemplateId": null,
                      "Metadata": null
                  },
                  {
                      "Content": {
                          "Type": "PromotionInformation",
                          "Position": "Top",
                          "Attributes": {
                              "TagLink": null,
                              "Text": "Was $2.80 - 22/11/2023",
                              "Html": "<span>Was $2.80 - 22/11/2023</span>",
                              "IsRegisteredRewardCardPromotion": "False"
                          }
                      },
                      "TemplateId": null,
                      "Metadata": null
                  }
              ],
              "IsPersonalisedByPurchaseHistory": false,
              "IsFromFacetedSearch": false,
              "NextAvailabilityDate": "2024-02-22T00:00:00.0000000Z",
              "NumberOfSubstitutes": 0,
              "IsPrimaryVariant": false,
              "VariantGroupId": 0,
              "HasVariants": false,
              "VariantTitle": null,
              "IsTobacco": false
          }
      ],
      "Name": "Woolworths Stonebaked Turkish Pide Loaf",
      "DisplayName": "Woolworths Stonebaked Turkish Pide Loaf 400g"
  },
  {
      "Products": [
          {
              "TileID": 0,
              "Stockcode": 16999,
              "Barcode": "9310023144676",
              "GtinFormat": 13,
              "CupPrice": 0.75,
              "InstoreCupPrice": 0.75,
              "CupMeasure": "100G",
              "CupString": "$0.75 / 100G",
              "InstoreCupString": "$0.75 / 100G",
              "HasCupPrice": true,
              "InstoreHasCupPrice": true,
              "Price": 4.9,
              "InstorePrice": 4.9,
              "Name": "Helga's Sourdough Loaf",
              "DisplayName": "Helga's Sourdough Loaf 650g",
              "UrlFriendlyName": "helga-s-sourdough-loaf",
              "Description": " Helga's Sourdough Loaf 650G",
              "SmallImageFile": "https://cdn0.woolworths.media/content/wowproductimages/small/016999.jpg",
              "MediumImageFile": "https://cdn0.woolworths.media/content/wowproductimages/medium/016999.jpg",
              "LargeImageFile": "https://cdn0.woolworths.media/content/wowproductimages/large/016999.jpg",
              "IsNew": false,
              "IsHalfPrice": false,
              "IsOnlineOnly": false,
              "IsOnSpecial": false,
              "InstoreIsOnSpecial": false,
              "IsEdrSpecial": false,
              "SavingsAmount": 0,
              "InstoreSavingsAmount": 0,
              "WasPrice": 4.9,
              "InstoreWasPrice": 4.9,
              "QuantityInTrolley": 0,
              "Unit": "Each",
              "MinimumQuantity": 1,
              "HasBeenBoughtBefore": false,
              "IsInTrolley": false,
              "Source": "Aisle.Bakery",
              "SupplyLimit": 36,
              "ProductLimit": 36,
              "MaxSupplyLimitMessage": "36 item limit",
              "IsRanged": true,
              "IsInStock": true,
              "PackageSize": "650G",
              "IsPmDelivery": false,
              "IsForCollection": true,
              "IsForDelivery": true,
              "IsForExpress": true,
              "ProductRestrictionMessage": null,
              "ProductWarningMessage": null,
              "CentreTag": {
                  "TagContent": null,
                  "TagLink": null,
                  "FallbackText": null,
                  "TagType": "None",
                  "MultibuyData": null,
                  "MemberPriceData": null,
                  "TagContentText": null,
                  "DualImageTagContent": null,
                  "PromotionType": "NOT_SET",
                  "IsRegisteredRewardCardPromotion": false
              },
              "IsCentreTag": false,
              "ImageTag": {
                  "TagContent": null,
                  "TagLink": null,
                  "FallbackText": "",
                  "TagType": "None",
                  "MultibuyData": null,
                  "MemberPriceData": null,
                  "TagContentText": null,
                  "DualImageTagContent": null,
                  "PromotionType": "NOT_SET",
                  "IsRegisteredRewardCardPromotion": false
              },
              "HeaderTag": {
                  "BackgroundColor": "#c20016",
                  "BorderColor": "#c20016",
                  "TextColor": "#fff",
                  "Content": "LOW PRICE",
                  "TagLink": null,
                  "Promotion": "LowPrice"
              },
              "HasHeaderTag": true,
              "UnitWeightInGrams": 0,
              "SupplyLimitMessage": "'Helga's Sourdough Loaf' has a supply limit of 36. The quantity in your cart has been reduced accordingly. To purchase a larger quantity, please contact us on 1800 000 610. Please note we do not supply trade orders.",
              "SmallFormatDescription": "Helga's Sourdough Loaf",
              "FullDescription": "Helga's Sourdough Loaf",
              "IsAvailable": true,
              "InstoreIsAvailable": false,
              "IsPurchasable": true,
              "InstoreIsPurchasable": false,
              "AgeRestricted": false,
              "DisplayQuantity": 1,
              "RichDescription": null,
              "HideWasSavedPrice": false,
              "SapCategories": null,
              "Brand": "Helga's",
              "IsRestrictedByDeliveryMethod": false,
              "FooterTag": {
                  "TagContent": "Lower Price Always",
                  "TagLink": null,
                  "FallbackText": null,
                  "TagType": "Html",
                  "MultibuyData": null,
                  "MemberPriceData": null,
                  "TagContentText": null,
                  "DualImageTagContent": null,
                  "PromotionType": "NOT_SET",
                  "IsRegisteredRewardCardPromotion": false
              },
              "IsFooterEnabled": true,
              "Diagnostics": "97",
              "IsBundle": false,
              "IsInFamily": false,
              "ChildProducts": null,
              "UrlOverride": null,
              "AdditionalAttributes": {
                  "boxedcontents": null,
                  "addedvitaminsandminerals": "False",
                  "sapdepartmentname": "PROPRIETARY BAKERY",
                  "spf": null,
                  "haircolour": null,
                  "lifestyleanddietarystatement": "Source of Fibre",
                  "sapcategoryname": "PROPRIETARY BAKERY",
                  "skintype": null,
                  "importantinformation": null,
                  "allergystatement": "Egg Free",
                  "productdepthmm": null,
                  "skincondition": null,
                  "ophthalmologistapproved": null,
                  "healthstarrating": "4",
                  "hairtype": null,
                  "fragrance-free": null,
                  "sapsegmentname": "WHITE LOAF",
                  "suitablefor": null,
                  "PiesProductDepartmentsjson": "[{\"Id\":\"1_DEB537E\",\"Description\":\"Bakery\"},{\"Id\":\"1_9E92C35\",\"Description\":\"Lunch Box\"}]",
                  "piessubcategorynamesjson": "[\"Packaged Bread\",\"Bread & Wraps\"]",
                  "sapsegmentno": "1",
                  "productwidthmm": null,
                  "contains": null,
                  "sapsubcategoryname": "RESALE BREAD",
                  "dermatologisttested": null,
                  "wool_productpackaging": null,
                  "dermatologicallyapproved": null,
                  "specialsgroupid": null,
                  "productimages": "16999.jpg,16999_2.jpg,16999_3.jpg,16999_4.jpg,16999_7.jpg,16999_8.jpg,16999_9.jpg",
                  "productheightmm": null,
                  "r&r_hidereviews": null,
                  "microwavesafe": "False",
                  "paba-free": null,
                  "lifestyleclaim": null,
                  "alcoholfree": null,
                  "tgawarning": null,
                  "activeconstituents": null,
                  "microwaveable": "False",
                  "soap-free": null,
                  "countryoforigin": null,
                  "isexcludedfromsubstitution": "False",
                  "productimagecount": "7",
                  "r&r_loggedinreviews": null,
                  "anti-dandruff": null,
                  "servingsize-total-nip": null,
                  "tgahealthwarninglink": null,
                  "allergenmaybepresent": "Sesame",
                  "PiesProductDepartmentNodeId": "1_DEB537E",
                  "parabenfree": "False",
                  "vendorarticleid": null,
                  "containsgluten": "False",
                  "containsnuts": "False",
                  "ingredients": "Wheat Flour, Water, Yeast, Soy Flour, Rye Sourdough (3%), Canola Oil, Vinegar, Wheat Gluten, Iodised Salt, Cultured Wheat Flour, Wheat Semolina, Vegetable Emulsifiers (471, 472e, 481), Vitamins (Thiamin, Folic Acid), Processing Aids (Wheat)",
                  "colour": null,
                  "manufacturer": null,
                  "sapcategoryno": "60",
                  "storageinstructions": "Store in a cool dry place away from",
                  "tgawarnings": null,
                  "piesdepartmentnamesjson": "[\"Bakery\",\"Lunch Box\"]",
                  "brand": "helga's",
                  "oilfree": null,
                  "fragrance": null,
                  "antibacterial": "False",
                  "non-comedogenic": null,
                  "antiseptic": "False",
                  "bpafree": "False",
                  "vendorcostprice": null,
                  "description": "At Helga's, we believe generosity starts with the finest ingredients, crafted by real bakers every day.\nOur Sourdough is a classic. The magic is in the fermented rye sourdough culture. We only use Australian wheat flour because we think it's the best in the world. We take our time to blend and rest the dough. And then we bake.\nAnd now here it is. In your hands. We hope you love eating it as much as we loved baking it for you.",
                  "sweatresistant": null,
                  "sapsubcategoryno": "950",
                  "antioxidant": "False",
                  "claims": null,
                  "phbalanced": null,
                  "wool_dietaryclaim": null,
                  "ophthalmologisttested": null,
                  "sulfatefree": "False",
                  "servingsperpack-total-nip": null,
                  "piescategorynamesjson": "[\"Packaged Bread & Bakery\",\"Lunch\"]",
                  "nutritionalinformation": "{\"Name\":\"Nutritional Information\",\"Attributes\":[{\"Id\":705,\"Name\":\"Carbohydrate Quantity Per 100g - Total - NIP\",\"Value\":\"41.90g\",\"Description\":\"Carbohydrate Quantity Per 100g - Total - NIP\",\"SortOrder\":83},{\"Id\":706,\"Name\":\"Carbohydrate Quantity Per Serve - Total - NIP\",\"Value\":\"30.20g\",\"Description\":\"Carbohydrate Quantity Per Serve - Total - NIP\",\"SortOrder\":87},{\"Id\":191,\"Name\":\"Dietary Fibre Quantity Per 100g - Total - NIP\",\"Value\":\"4.40g\",\"Description\":\"Dietary Fibre Quantity Per 100g - Total - NIP\",\"SortOrder\":175},{\"Id\":120,\"Name\":\"Dietary Fibre Quantity Per Serve - Total - NIP\",\"Value\":\"3.20g\",\"Description\":\"Dietary Fibre Quantity Per Serve - Total - NIP\",\"SortOrder\":179},{\"Id\":759,\"Name\":\"Energy kJ Quantity Per 100g - Total - NIP\",\"Value\":\"1060.00kJ\",\"Description\":\"Energy kJ Quantity Per 100g - Total - NIP\",\"SortOrder\":239},{\"Id\":760,\"Name\":\"Energy kJ Quantity Per Serve - Total - NIP\",\"Value\":\"763.00kJ\",\"Description\":\"Energy kJ Quantity Per Serve - Total - NIP\",\"SortOrder\":243},{\"Id\":253,\"Name\":\"Fat Saturated Quantity Per 100g - Total - NIP\",\"Value\":\"<1.00g\",\"Description\":\"Fat Saturated Quantity Per 100g - Total - NIP\",\"SortOrder\":251},{\"Id\":258,\"Name\":\"Fat Saturated Quantity Per Serve - Total - NIP\",\"Value\":\"0.70g\",\"Description\":\"Fat Saturated Quantity Per Serve - Total - NIP\",\"SortOrder\":255},{\"Id\":764,\"Name\":\"Fat Total Quantity Per 100g - Total - NIP\",\"Value\":\"4.00g\",\"Description\":\"Fat Total Quantity Per 100g - Total - NIP\",\"SortOrder\":263},{\"Id\":166,\"Name\":\"Fat Total Quantity Per 100g - ValueWord - NIP\",\"Value\":\"4.00\",\"Description\":\"Fat Total Quantity Per 100g - ValueWord - NIP\",\"SortOrder\":264},{\"Id\":264,\"Name\":\"Fat Total Quantity Per Serve - Total - NIP\",\"Value\":\"2.90g\",\"Description\":\"Fat Total Quantity Per Serve - Total - NIP\",\"SortOrder\":267},{\"Id\":878,\"Name\":\"Protein Quantity Per 100g - Total - NIP\",\"Value\":\"9.20g\",\"Description\":\"Protein Quantity Per 100g - Total - NIP\",\"SortOrder\":587},{\"Id\":882,\"Name\":\"Protein Quantity Per Serve - Total - NIP\",\"Value\":\"6.60g\",\"Description\":\"Protein Quantity Per Serve - Total - NIP\",\"SortOrder\":591},{\"Id\":477,\"Name\":\"Serving Size - Total - NIP\",\"Value\":\"72g\",\"Description\":\"Serving Size - Total - NIP\",\"SortOrder\":607},{\"Id\":544,\"Name\":\"Servings Per Pack - Total - NIP\",\"Value\":\"9\",\"Description\":\"Servings Per Pack - Total - NIP\",\"SortOrder\":611},{\"Id\":491,\"Name\":\"Sodium Quantity Per 100g - Total - NIP\",\"Value\":\"375.00mg\",\"Description\":\"Sodium Quantity Per 100g - Total - NIP\",\"SortOrder\":623},{\"Id\":495,\"Name\":\"Sodium Quantity Per Serve - Total - NIP\",\"Value\":\"270.00mg\",\"Description\":\"Sodium Quantity Per Serve - Total - NIP\",\"SortOrder\":627},{\"Id\":907,\"Name\":\"Sugars Quantity Per 100g - Prefix - NIP\",\"Value\":null,\"Description\":\"Sugars Quantity Per 100g - Prefix - NIP\",\"SortOrder\":645},{\"Id\":908,\"Name\":\"Sugars Quantity Per 100g - SuffixUnits - NIP\",\"Value\":\"g\",\"Description\":\"Sugars Quantity Per 100g - SuffixUnits - NIP\",\"SortOrder\":646},{\"Id\":909,\"Name\":\"Sugars Quantity Per 100g - Total - NIP\",\"Value\":\"2.70g\",\"Description\":\"Sugars Quantity Per 100g - Total - NIP\",\"SortOrder\":647},{\"Id\":910,\"Name\":\"Sugars Quantity Per 100g - ValueWord - NIP\",\"Value\":\"2.70\",\"Description\":\"Sugars Quantity Per 100g - ValueWord - NIP\",\"SortOrder\":648},{\"Id\":504,\"Name\":\"Sugars Quantity Per Serve - Prefix - NIP\",\"Value\":null,\"Description\":\"Sugars Quantity Per Serve - Prefix - NIP\",\"SortOrder\":649},{\"Id\":911,\"Name\":\"Sugars Quantity Per Serve - SuffixUnits - NIP\",\"Value\":\"g\",\"Description\":\"Sugars Quantity Per Serve - SuffixUnits - NIP\",\"SortOrder\":650},{\"Id\":912,\"Name\":\"Sugars Quantity Per Serve - Total - NIP\",\"Value\":\"1.90g\",\"Description\":\"Sugars Quantity Per Serve - Total - NIP\",\"SortOrder\":651},{\"Id\":572,\"Name\":\"Sugars Quantity Per Serve - ValueWord - NIP\",\"Value\":\"1.90\",\"Description\":\"Sugars Quantity Per Serve - ValueWord - NIP\",\"SortOrder\":652}]}",
                  "ovencook": "False",
                  "vegetarian": "False",
                  "hypo-allergenic": null,
                  "timer": null,
                  "dermatologistrecommended": null,
                  "sapdepartmentno": "47",
                  "allergencontains": "Soy, Gluten Containing Cereals, Gluten",
                  "waterresistant": null,
                  "friendlydisclaimer": null,
                  "recyclableinformation": null,
                  "usageinstructions": null,
                  "freezable": "False"
              },
              "DetailsImagePaths": [
                  "https://cdn0.woolworths.media/content/wowproductimages/large/016999.jpg"
              ],
              "Variety": "Loaf",
              "Rating": {
                  "ReviewCount": 0,
                  "RatingCount": 0,
                  "RatingSum": 0,
                  "OneStarCount": 0,
                  "TwoStarCount": 0,
                  "ThreeStarCount": 0,
                  "FourStarCount": 0,
                  "FiveStarCount": 0,
                  "Average": 0,
                  "OneStarPercentage": 0,
                  "TwoStarPercentage": 0,
                  "ThreeStarPercentage": 0,
                  "FourStarPercentage": 0,
                  "FiveStarPercentage": 0
              },
              "HasProductSubs": false,
              "IsSponsoredAd": false,
              "AdID": null,
              "AdIndex": null,
              "IsMarketProduct": false,
              "IsGiftable": false,
              "Vendor": null,
              "Untraceable": false,
              "ThirdPartyProductInfo": null,
              "MarketFeatures": null,
              "MarketSpecifications": null,
              "SupplyLimitSource": "ProductLimit",
              "Tags": [
                  {
                      "Content": {
                          "Type": "Label",
                          "Position": "Top",
                          "Attributes": {
                              "Text": "LOW PRICE",
                              "Promotion": "LowPrice",
                              "BackgroundColor": "#c20016",
                              "BorderColor": "#c20016",
                              "TextColor": "#fff"
                          }
                      },
                      "TemplateId": null,
                      "Metadata": null
                  }
              ],
              "IsPersonalisedByPurchaseHistory": false,
              "IsFromFacetedSearch": false,
              "NextAvailabilityDate": "2024-02-22T00:00:00.0000000Z",
              "NumberOfSubstitutes": 0,
              "IsPrimaryVariant": false,
              "VariantGroupId": 0,
              "HasVariants": false,
              "VariantTitle": null,
              "IsTobacco": false
          }
      ],
      "Name": "Helga's Sourdough Loaf",
      "DisplayName": "Helga's Sourdough Loaf 650g"
  },
  {
      "Products": [
          {
              "TileID": 0,
              "Stockcode": 97237,
              "Barcode": "9300633680572",
              "GtinFormat": 13,
              "CupPrice": 0.83,
              "InstoreCupPrice": 0.83,
              "CupMeasure": "1EA",
              "CupString": "$0.83 / 1EA",
              "InstoreCupString": "$0.83 / 1EA",
              "HasCupPrice": true,
              "InstoreHasCupPrice": true,
              "Price": 2.5,
              "InstorePrice": 2.5,
              "Name": "Woolworths All Butter Croissant",
              "DisplayName": "Woolworths All Butter Croissant 3 Pack",
              "UrlFriendlyName": "woolworths-all-butter-croissant",
              "Description": " Woolworths All Butter<br>Croissant  3 Pack",
              "SmallImageFile": "https://cdn0.woolworths.media/content/wowproductimages/small/097237.jpg",
              "MediumImageFile": "https://cdn0.woolworths.media/content/wowproductimages/medium/097237.jpg",
              "LargeImageFile": "https://cdn0.woolworths.media/content/wowproductimages/large/097237.jpg",
              "IsNew": false,
              "IsHalfPrice": false,
              "IsOnlineOnly": false,
              "IsOnSpecial": false,
              "InstoreIsOnSpecial": false,
              "IsEdrSpecial": false,
              "SavingsAmount": 0,
              "InstoreSavingsAmount": 0,
              "WasPrice": 2.5,
              "InstoreWasPrice": 2.5,
              "QuantityInTrolley": 0,
              "Unit": "Each",
              "MinimumQuantity": 1,
              "HasBeenBoughtBefore": false,
              "IsInTrolley": false,
              "Source": "Aisle.Bakery",
              "SupplyLimit": 11,
              "ProductLimit": 36,
              "MaxSupplyLimitMessage": "11 item(s) left",
              "IsRanged": true,
              "IsInStock": true,
              "PackageSize": "3 Pack",
              "IsPmDelivery": true,
              "IsForCollection": true,
              "IsForDelivery": true,
              "IsForExpress": true,
              "ProductRestrictionMessage": null,
              "ProductWarningMessage": null,
              "CentreTag": {
                  "TagContent": null,
                  "TagLink": null,
                  "FallbackText": null,
                  "TagType": "None",
                  "MultibuyData": null,
                  "MemberPriceData": null,
                  "TagContentText": null,
                  "DualImageTagContent": null,
                  "PromotionType": "NOT_SET",
                  "IsRegisteredRewardCardPromotion": false
              },
              "IsCentreTag": false,
              "ImageTag": {
                  "TagContent": null,
                  "TagLink": null,
                  "FallbackText": "",
                  "TagType": "None",
                  "MultibuyData": null,
                  "MemberPriceData": null,
                  "TagContentText": null,
                  "DualImageTagContent": null,
                  "PromotionType": "NOT_SET",
                  "IsRegisteredRewardCardPromotion": false
              },
              "HeaderTag": null,
              "HasHeaderTag": false,
              "UnitWeightInGrams": 0,
              "SupplyLimitMessage": "'Woolworths All Butter Croissant' has a supply limit of 11. The quantity in your cart has been reduced accordingly. To purchase a larger quantity, please contact us on 1800 000 610. Please note we do not supply trade orders.",
              "SmallFormatDescription": "Woolworths All Butter Croissant ",
              "FullDescription": "Woolworths All Butter Croissant ",
              "IsAvailable": true,
              "InstoreIsAvailable": true,
              "IsPurchasable": true,
              "InstoreIsPurchasable": true,
              "AgeRestricted": false,
              "DisplayQuantity": 1,
              "RichDescription": null,
              "HideWasSavedPrice": false,
              "SapCategories": null,
              "Brand": "Woolworths",
              "IsRestrictedByDeliveryMethod": false,
              "FooterTag": {
                  "TagContent": null,
                  "TagLink": null,
                  "FallbackText": null,
                  "TagType": "None",
                  "MultibuyData": null,
                  "MemberPriceData": null,
                  "TagContentText": null,
                  "DualImageTagContent": null,
                  "PromotionType": "NOT_SET",
                  "IsRegisteredRewardCardPromotion": false
              },
              "IsFooterEnabled": true,
              "Diagnostics": "98",
              "IsBundle": false,
              "IsInFamily": false,
              "ChildProducts": null,
              "UrlOverride": null,
              "AdditionalAttributes": {
                  "boxedcontents": null,
                  "addedvitaminsandminerals": "False",
                  "sapdepartmentname": "PROPRIETARY BAKERY",
                  "spf": null,
                  "haircolour": null,
                  "lifestyleanddietarystatement": "Vegetarian",
                  "sapcategoryname": "PROPRIETARY BAKERY",
                  "skintype": null,
                  "importantinformation": null,
                  "allergystatement": "No Artificial Colours or Flavours",
                  "productdepthmm": null,
                  "skincondition": null,
                  "ophthalmologistapproved": null,
                  "healthstarrating": "1.5",
                  "hairtype": null,
                  "fragrance-free": null,
                  "sapsegmentname": "CROISSANTS",
                  "suitablefor": null,
                  "PiesProductDepartmentsjson": "[{\"Id\":\"1_9E92C35\",\"Description\":\"Lunch Box\"},{\"Id\":\"1_DEB537E\",\"Description\":\"Bakery\"}]",
                  "piessubcategorynamesjson": "[\"Bakery Snacks\",\"Desserts & Pastries\"]",
                  "sapsegmentno": "4",
                  "productwidthmm": null,
                  "contains": null,
                  "sapsubcategoryname": "RESALE BAKERY SNACKS",
                  "dermatologisttested": null,
                  "wool_productpackaging": null,
                  "dermatologicallyapproved": null,
                  "specialsgroupid": null,
                  "productimages": "97237.jpg,97237_2.jpg",
                  "productheightmm": null,
                  "r&r_hidereviews": null,
                  "microwavesafe": "False",
                  "paba-free": null,
                  "lifestyleclaim": null,
                  "alcoholfree": null,
                  "tgawarning": null,
                  "activeconstituents": null,
                  "microwaveable": "False",
                  "soap-free": null,
                  "countryoforigin": null,
                  "isexcludedfromsubstitution": "False",
                  "productimagecount": "2",
                  "r&r_loggedinreviews": null,
                  "anti-dandruff": null,
                  "servingsize-total-nip": null,
                  "tgahealthwarninglink": null,
                  "allergenmaybepresent": "Tree Nuts",
                  "PiesProductDepartmentNodeId": "1_9E92C35",
                  "parabenfree": "False",
                  "vendorarticleid": null,
                  "containsgluten": "False",
                  "containsnuts": "False",
                  "ingredients": "Wheat Flour (Thiamin), Butter (18%) (Cream (Milk)), Water, Milk Solids, Sugar, Yeast, Salt.",
                  "colour": null,
                  "manufacturer": null,
                  "sapcategoryno": "60",
                  "storageinstructions": "This product has been frozen from fresh and thawed for your convenience;Store in a cool, dry place.",
                  "tgawarnings": null,
                  "piesdepartmentnamesjson": "[\"Lunch Box\",\"Bakery\"]",
                  "brand": "woolworths",
                  "oilfree": null,
                  "fragrance": null,
                  "antibacterial": "False",
                  "non-comedogenic": null,
                  "antiseptic": "False",
                  "bpafree": "False",
                  "vendorcostprice": null,
                  "description": "3 All Butter Croissants prefect with your favourite filling, morning, noon and night",
                  "sweatresistant": null,
                  "sapsubcategoryno": "949",
                  "antioxidant": "False",
                  "claims": null,
                  "phbalanced": null,
                  "wool_dietaryclaim": null,
                  "ophthalmologisttested": null,
                  "sulfatefree": "False",
                  "servingsperpack-total-nip": null,
                  "piescategorynamesjson": "[\"Snacks\",\"Packaged Bread & Bakery\"]",
                  "nutritionalinformation": "{\"Name\":\"Nutritional Information\",\"Attributes\":[{\"Id\":702,\"Name\":\"Calcium Quantity Per 100g - Total - NIP\",\"Value\":\"52mg\",\"Description\":\"Calcium Quantity Per 100g - Total - NIP\",\"SortOrder\":71},{\"Id\":47,\"Name\":\"Calcium Quantity Per Serve - Total - NIP\",\"Value\":\"32.76mg\",\"Description\":\"Calcium Quantity Per Serve - Total - NIP\",\"SortOrder\":75},{\"Id\":705,\"Name\":\"Carbohydrate Quantity Per 100g - Total - NIP\",\"Value\":\"43.20g\",\"Description\":\"Carbohydrate Quantity Per 100g - Total - NIP\",\"SortOrder\":83},{\"Id\":706,\"Name\":\"Carbohydrate Quantity Per Serve - Total - NIP\",\"Value\":\"27.20g\",\"Description\":\"Carbohydrate Quantity Per Serve - Total - NIP\",\"SortOrder\":87},{\"Id\":714,\"Name\":\"Cholesterol Quantity Per 100g - Total - NIP\",\"Value\":\"18mg\",\"Description\":\"Cholesterol Quantity Per 100g - Total - NIP\",\"SortOrder\":111},{\"Id\":125,\"Name\":\"Cholesterol Quantity Per Serve - Total - NIP\",\"Value\":\"11.34mg\",\"Description\":\"Cholesterol Quantity Per Serve - Total - NIP\",\"SortOrder\":115},{\"Id\":191,\"Name\":\"Dietary Fibre Quantity Per 100g - Total - NIP\",\"Value\":\"2.00g\",\"Description\":\"Dietary Fibre Quantity Per 100g - Total - NIP\",\"SortOrder\":175},{\"Id\":120,\"Name\":\"Dietary Fibre Quantity Per Serve - Total - NIP\",\"Value\":\"1.30g\",\"Description\":\"Dietary Fibre Quantity Per Serve - Total - NIP\",\"SortOrder\":179},{\"Id\":759,\"Name\":\"Energy kJ Quantity Per 100g - Total - NIP\",\"Value\":\"1500.00kJ\",\"Description\":\"Energy kJ Quantity Per 100g - Total - NIP\",\"SortOrder\":239},{\"Id\":760,\"Name\":\"Energy kJ Quantity Per Serve - Total - NIP\",\"Value\":\"945.00kJ\",\"Description\":\"Energy kJ Quantity Per Serve - Total - NIP\",\"SortOrder\":243},{\"Id\":253,\"Name\":\"Fat Saturated Quantity Per 100g - Total - NIP\",\"Value\":\"10.80g\",\"Description\":\"Fat Saturated Quantity Per 100g - Total - NIP\",\"SortOrder\":251},{\"Id\":258,\"Name\":\"Fat Saturated Quantity Per Serve - Total - NIP\",\"Value\":\"6.80g\",\"Description\":\"Fat Saturated Quantity Per Serve - Total - NIP\",\"SortOrder\":255},{\"Id\":764,\"Name\":\"Fat Total Quantity Per 100g - Total - NIP\",\"Value\":\"16.30g\",\"Description\":\"Fat Total Quantity Per 100g - Total - NIP\",\"SortOrder\":263},{\"Id\":166,\"Name\":\"Fat Total Quantity Per 100g - ValueWord - NIP\",\"Value\":\"16.30\",\"Description\":\"Fat Total Quantity Per 100g - ValueWord - NIP\",\"SortOrder\":264},{\"Id\":264,\"Name\":\"Fat Total Quantity Per Serve - Total - NIP\",\"Value\":\"10.30g\",\"Description\":\"Fat Total Quantity Per Serve - Total - NIP\",\"SortOrder\":267},{\"Id\":402,\"Name\":\"Monounsaturated Quantity Per 100g - Total - NIP\",\"Value\":\"4.36g\",\"Description\":\"Monounsaturated Quantity Per 100g - Total - NIP\",\"SortOrder\":479},{\"Id\":834,\"Name\":\"Monounsaturated Quantity Per Serve - Total - NIP\",\"Value\":\"2.75g\",\"Description\":\"Monounsaturated Quantity Per Serve - Total - NIP\",\"SortOrder\":483},{\"Id\":434,\"Name\":\"Polyunsaturated Quantity Per 100g - Total - NIP\",\"Value\":\"0.84g\",\"Description\":\"Polyunsaturated Quantity Per 100g - Total - NIP\",\"SortOrder\":563},{\"Id\":435,\"Name\":\"Polyunsaturated Quantity Per Serve - Total - NIP\",\"Value\":\"0.53g\",\"Description\":\"Polyunsaturated Quantity Per Serve - Total - NIP\",\"SortOrder\":567},{\"Id\":443,\"Name\":\"Potassium Quantity Per 100g - Total - NIP\",\"Value\":\"130mg\",\"Description\":\"Potassium Quantity Per 100g - Total - NIP\",\"SortOrder\":575},{\"Id\":493,\"Name\":\"Potassium Quantity Per Serve - Total - NIP\",\"Value\":\"81.9mg\",\"Description\":\"Potassium Quantity Per Serve - Total - NIP\",\"SortOrder\":579},{\"Id\":878,\"Name\":\"Protein Quantity Per 100g - Total - NIP\",\"Value\":\"8.80g\",\"Description\":\"Protein Quantity Per 100g - Total - NIP\",\"SortOrder\":587},{\"Id\":882,\"Name\":\"Protein Quantity Per Serve - Total - NIP\",\"Value\":\"5.50g\",\"Description\":\"Protein Quantity Per Serve - Total - NIP\",\"SortOrder\":591},{\"Id\":477,\"Name\":\"Serving Size - Total - NIP\",\"Value\":\"63.0G\",\"Description\":\"Serving Size - Total - NIP\",\"SortOrder\":607},{\"Id\":544,\"Name\":\"Servings Per Pack - Total - NIP\",\"Value\":\"3.0\",\"Description\":\"Servings Per Pack - Total - NIP\",\"SortOrder\":611},{\"Id\":491,\"Name\":\"Sodium Quantity Per 100g - Total - NIP\",\"Value\":\"370.00mg\",\"Description\":\"Sodium Quantity Per 100g - Total - NIP\",\"SortOrder\":623},{\"Id\":495,\"Name\":\"Sodium Quantity Per Serve - Total - NIP\",\"Value\":\"233.00mg\",\"Description\":\"Sodium Quantity Per Serve - Total - NIP\",\"SortOrder\":627},{\"Id\":907,\"Name\":\"Sugars Quantity Per 100g - Prefix - NIP\",\"Value\":null,\"Description\":\"Sugars Quantity Per 100g - Prefix - NIP\",\"SortOrder\":645},{\"Id\":908,\"Name\":\"Sugars Quantity Per 100g - SuffixUnits - NIP\",\"Value\":\"g\",\"Description\":\"Sugars Quantity Per 100g - SuffixUnits - NIP\",\"SortOrder\":646},{\"Id\":909,\"Name\":\"Sugars Quantity Per 100g - Total - NIP\",\"Value\":\"6.80g\",\"Description\":\"Sugars Quantity Per 100g - Total - NIP\",\"SortOrder\":647},{\"Id\":910,\"Name\":\"Sugars Quantity Per 100g - ValueWord - NIP\",\"Value\":\"6.80\",\"Description\":\"Sugars Quantity Per 100g - ValueWord - NIP\",\"SortOrder\":648},{\"Id\":504,\"Name\":\"Sugars Quantity Per Serve - Prefix - NIP\",\"Value\":null,\"Description\":\"Sugars Quantity Per Serve - Prefix - NIP\",\"SortOrder\":649},{\"Id\":911,\"Name\":\"Sugars Quantity Per Serve - SuffixUnits - NIP\",\"Value\":\"g\",\"Description\":\"Sugars Quantity Per Serve - SuffixUnits - NIP\",\"SortOrder\":650},{\"Id\":912,\"Name\":\"Sugars Quantity Per Serve - Total - NIP\",\"Value\":\"4.30g\",\"Description\":\"Sugars Quantity Per Serve - Total - NIP\",\"SortOrder\":651},{\"Id\":572,\"Name\":\"Sugars Quantity Per Serve - ValueWord - NIP\",\"Value\":\"4.30\",\"Description\":\"Sugars Quantity Per Serve - ValueWord - NIP\",\"SortOrder\":652},{\"Id\":593,\"Name\":\"Trans Quantity Per 100g - Total - NIP\",\"Value\":\"1.00g\",\"Description\":\"Trans Quantity Per 100g - Total - NIP\",\"SortOrder\":667},{\"Id\":510,\"Name\":\"Trans Quantity Per Serve - Total - NIP\",\"Value\":\"<1g\",\"Description\":\"Trans Quantity Per Serve - Total - NIP\",\"SortOrder\":671}]}",
                  "ovencook": "False",
                  "vegetarian": "False",
                  "hypo-allergenic": null,
                  "timer": null,
                  "dermatologistrecommended": null,
                  "sapdepartmentno": "47",
                  "allergencontains": "Butter, Cream, Gluten, Milk, Wheat",
                  "waterresistant": null,
                  "friendlydisclaimer": null,
                  "recyclableinformation": null,
                  "usageinstructions": null,
                  "freezable": "False"
              },
              "DetailsImagePaths": [
                  "https://cdn0.woolworths.media/content/wowproductimages/large/097237.jpg"
              ],
              "Variety": null,
              "Rating": {
                  "ReviewCount": 0,
                  "RatingCount": 0,
                  "RatingSum": 0,
                  "OneStarCount": 0,
                  "TwoStarCount": 0,
                  "ThreeStarCount": 0,
                  "FourStarCount": 0,
                  "FiveStarCount": 0,
                  "Average": 0,
                  "OneStarPercentage": 0,
                  "TwoStarPercentage": 0,
                  "ThreeStarPercentage": 0,
                  "FourStarPercentage": 0,
                  "FiveStarPercentage": 0
              },
              "HasProductSubs": false,
              "IsSponsoredAd": false,
              "AdID": null,
              "AdIndex": null,
              "IsMarketProduct": false,
              "IsGiftable": false,
              "Vendor": null,
              "Untraceable": false,
              "ThirdPartyProductInfo": null,
              "MarketFeatures": null,
              "MarketSpecifications": null,
              "SupplyLimitSource": "StockQuantity",
              "Tags": null,
              "IsPersonalisedByPurchaseHistory": false,
              "IsFromFacetedSearch": false,
              "NextAvailabilityDate": "2024-02-22T00:00:00.0000000Z",
              "NumberOfSubstitutes": 0,
              "IsPrimaryVariant": false,
              "VariantGroupId": 0,
              "HasVariants": false,
              "VariantTitle": null,
              "IsTobacco": false
          }
      ],
      "Name": "Woolworths All Butter Croissant",
      "DisplayName": "Woolworths All Butter Croissant 3 Pack"
  },
  {
      "Products": [
          {
              "TileID": 0,
              "Stockcode": 852257,
              "Barcode": "9339687087860",
              "GtinFormat": 13,
              "CupPrice": 1.2,
              "InstoreCupPrice": 1.2,
              "CupMeasure": "100G",
              "CupString": "$1.20 / 100G",
              "InstoreCupString": "$1.20 / 100G",
              "HasCupPrice": true,
              "InstoreHasCupPrice": true,
              "Price": 6,
              "InstorePrice": 6,
              "Name": "Woolworths Rustic White Sourdough Loaf",
              "DisplayName": "Woolworths Rustic White Sourdough Loaf 500g",
              "UrlFriendlyName": "woolworths-rustic-white-sourdough-loaf",
              "Description": " Woolworths Rustic White<br>Sourdough Loaf  500G",
              "SmallImageFile": "https://cdn0.woolworths.media/content/wowproductimages/small/852257.jpg",
              "MediumImageFile": "https://cdn0.woolworths.media/content/wowproductimages/medium/852257.jpg",
              "LargeImageFile": "https://cdn0.woolworths.media/content/wowproductimages/large/852257.jpg",
              "IsNew": false,
              "IsHalfPrice": false,
              "IsOnlineOnly": false,
              "IsOnSpecial": false,
              "InstoreIsOnSpecial": false,
              "IsEdrSpecial": false,
              "SavingsAmount": 0,
              "InstoreSavingsAmount": 0,
              "WasPrice": 6,
              "InstoreWasPrice": 6,
              "QuantityInTrolley": 0,
              "Unit": "Each",
              "MinimumQuantity": 1,
              "HasBeenBoughtBefore": false,
              "IsInTrolley": false,
              "Source": "Aisle.Bakery",
              "SupplyLimit": 3,
              "ProductLimit": 36,
              "MaxSupplyLimitMessage": "3 item(s) left",
              "IsRanged": true,
              "IsInStock": true,
              "PackageSize": "500G",
              "IsPmDelivery": true,
              "IsForCollection": true,
              "IsForDelivery": true,
              "IsForExpress": true,
              "ProductRestrictionMessage": null,
              "ProductWarningMessage": null,
              "CentreTag": {
                  "TagContent": null,
                  "TagLink": null,
                  "FallbackText": null,
                  "TagType": "None",
                  "MultibuyData": null,
                  "MemberPriceData": null,
                  "TagContentText": null,
                  "DualImageTagContent": null,
                  "PromotionType": "NOT_SET",
                  "IsRegisteredRewardCardPromotion": false
              },
              "IsCentreTag": false,
              "ImageTag": {
                  "TagContent": null,
                  "TagLink": null,
                  "FallbackText": "",
                  "TagType": "None",
                  "MultibuyData": null,
                  "MemberPriceData": null,
                  "TagContentText": null,
                  "DualImageTagContent": null,
                  "PromotionType": "NOT_SET",
                  "IsRegisteredRewardCardPromotion": false
              },
              "HeaderTag": null,
              "HasHeaderTag": false,
              "UnitWeightInGrams": 0,
              "SupplyLimitMessage": "'Woolworths Rustic White Sourdough Loaf' has a supply limit of 3. The quantity in your cart has been reduced accordingly. To purchase a larger quantity, please contact us on 1800 000 610. Please note we do not supply trade orders.",
              "SmallFormatDescription": "Woolworths Rustic White Sourdough Loaf ",
              "FullDescription": "Woolworths Rustic White Sourdough Loaf ",
              "IsAvailable": true,
              "InstoreIsAvailable": true,
              "IsPurchasable": true,
              "InstoreIsPurchasable": true,
              "AgeRestricted": false,
              "DisplayQuantity": 1,
              "RichDescription": null,
              "HideWasSavedPrice": false,
              "SapCategories": null,
              "Brand": "Woolworths",
              "IsRestrictedByDeliveryMethod": false,
              "FooterTag": {
                  "TagContent": null,
                  "TagLink": null,
                  "FallbackText": null,
                  "TagType": "None",
                  "MultibuyData": null,
                  "MemberPriceData": null,
                  "TagContentText": null,
                  "DualImageTagContent": null,
                  "PromotionType": "NOT_SET",
                  "IsRegisteredRewardCardPromotion": false
              },
              "IsFooterEnabled": true,
              "Diagnostics": "99",
              "IsBundle": false,
              "IsInFamily": false,
              "ChildProducts": null,
              "UrlOverride": null,
              "AdditionalAttributes": {
                  "boxedcontents": null,
                  "addedvitaminsandminerals": "False",
                  "sapdepartmentname": "PROPRIETARY BAKERY",
                  "spf": null,
                  "haircolour": null,
                  "lifestyleanddietarystatement": "Low Sugar",
                  "sapcategoryname": "PROPRIETARY BAKERY",
                  "skintype": null,
                  "importantinformation": null,
                  "allergystatement": "Lactose Free",
                  "productdepthmm": null,
                  "skincondition": null,
                  "ophthalmologistapproved": null,
                  "healthstarrating": "4",
                  "hairtype": null,
                  "fragrance-free": null,
                  "sapsegmentname": "WHITE LOAF",
                  "suitablefor": "Vegetarian",
                  "PiesProductDepartmentsjson": "[{\"Id\":\"1_DEB537E\",\"Description\":\"Bakery\"},{\"Id\":\"1_9E92C35\",\"Description\":\"Lunch Box\"}]",
                  "piessubcategorynamesjson": "[\"Packaged Bread\",\"Bread & Wraps\"]",
                  "sapsegmentno": "1",
                  "productwidthmm": null,
                  "contains": null,
                  "sapsubcategoryname": "RESALE BREAD",
                  "dermatologisttested": null,
                  "wool_productpackaging": null,
                  "dermatologicallyapproved": null,
                  "specialsgroupid": null,
                  "productimages": "852257.jpg,852257_2.jpg,852257_6.jpg",
                  "productheightmm": null,
                  "r&r_hidereviews": null,
                  "microwavesafe": "False",
                  "paba-free": null,
                  "lifestyleclaim": "Vegetarian",
                  "alcoholfree": null,
                  "tgawarning": null,
                  "activeconstituents": null,
                  "microwaveable": "False",
                  "soap-free": null,
                  "countryoforigin": null,
                  "isexcludedfromsubstitution": "False",
                  "productimagecount": "3",
                  "r&r_loggedinreviews": null,
                  "anti-dandruff": null,
                  "servingsize-total-nip": null,
                  "tgahealthwarninglink": null,
                  "allergenmaybepresent": "Sesame",
                  "PiesProductDepartmentNodeId": "1_DEB537E",
                  "parabenfree": "False",
                  "vendorarticleid": null,
                  "containsgluten": "False",
                  "containsnuts": "False",
                  "ingredients": "Wheat Flour (Wheat Flour, Vitamins (Folic Acid, Thiamin)), Water, Sourdough Culture (17%) (Water, Whole Grain Flour, Wheat Flour), Rye Flour, Canola Oil, Wheat Fibre, Matted Wheat Flour, Wheat Gluten, lodised Salt, Cultured Rice Flour, Vinegar, Yeast",
                  "colour": null,
                  "manufacturer": null,
                  "sapcategoryno": "60",
                  "storageinstructions": "Not Suitable for Home Freezing",
                  "tgawarnings": null,
                  "piesdepartmentnamesjson": "[\"Bakery\",\"Lunch Box\"]",
                  "brand": "woolworths",
                  "oilfree": null,
                  "fragrance": null,
                  "antibacterial": "False",
                  "non-comedogenic": null,
                  "antiseptic": "False",
                  "bpafree": "False",
                  "vendorcostprice": null,
                  "description": "Woolworths Country White Sourdough Vienna is made using Australian wheat flour and slowly developed for 22 hours for a great flavour and texture.\n\nSource of fibre for healthy digestion 1\n1 As part of a healthy balanced diet.",
                  "sweatresistant": null,
                  "sapsubcategoryno": "950",
                  "antioxidant": "False",
                  "claims": null,
                  "phbalanced": null,
                  "wool_dietaryclaim": null,
                  "ophthalmologisttested": null,
                  "sulfatefree": "False",
                  "servingsperpack-total-nip": null,
                  "piescategorynamesjson": "[\"Packaged Bread & Bakery\",\"Lunch\"]",
                  "nutritionalinformation": "{\"Name\":\"Nutritional Information\",\"Attributes\":[{\"Id\":705,\"Name\":\"Carbohydrate Quantity Per 100g - Total - NIP\",\"Value\":\"44.00g\",\"Description\":\"Carbohydrate Quantity Per 100g - Total - NIP\",\"SortOrder\":83},{\"Id\":706,\"Name\":\"Carbohydrate Quantity Per Serve - Total - NIP\",\"Value\":\"22.00g\",\"Description\":\"Carbohydrate Quantity Per Serve - Total - NIP\",\"SortOrder\":87},{\"Id\":191,\"Name\":\"Dietary Fibre Quantity Per 100g - Total - NIP\",\"Value\":\"3.40g\",\"Description\":\"Dietary Fibre Quantity Per 100g - Total - NIP\",\"SortOrder\":175},{\"Id\":120,\"Name\":\"Dietary Fibre Quantity Per Serve - Total - NIP\",\"Value\":\"1.70g\",\"Description\":\"Dietary Fibre Quantity Per Serve - Total - NIP\",\"SortOrder\":179},{\"Id\":759,\"Name\":\"Energy kJ Quantity Per 100g - Total - NIP\",\"Value\":\"1040.00kJ\",\"Description\":\"Energy kJ Quantity Per 100g - Total - NIP\",\"SortOrder\":239},{\"Id\":760,\"Name\":\"Energy kJ Quantity Per Serve - Total - NIP\",\"Value\":\"520.00kJ\",\"Description\":\"Energy kJ Quantity Per Serve - Total - NIP\",\"SortOrder\":243},{\"Id\":253,\"Name\":\"Fat Saturated Quantity Per 100g - Total - NIP\",\"Value\":\"0.00g\",\"Description\":\"Fat Saturated Quantity Per 100g - Total - NIP\",\"SortOrder\":251},{\"Id\":258,\"Name\":\"Fat Saturated Quantity Per Serve - Total - NIP\",\"Value\":\"0.00g\",\"Description\":\"Fat Saturated Quantity Per Serve - Total - NIP\",\"SortOrder\":255},{\"Id\":764,\"Name\":\"Fat Total Quantity Per 100g - Total - NIP\",\"Value\":\"3.40g\",\"Description\":\"Fat Total Quantity Per 100g - Total - NIP\",\"SortOrder\":263},{\"Id\":166,\"Name\":\"Fat Total Quantity Per 100g - ValueWord - NIP\",\"Value\":\"3.40\",\"Description\":\"Fat Total Quantity Per 100g - ValueWord - NIP\",\"SortOrder\":264},{\"Id\":264,\"Name\":\"Fat Total Quantity Per Serve - Total - NIP\",\"Value\":\"1.70g\",\"Description\":\"Fat Total Quantity Per Serve - Total - NIP\",\"SortOrder\":267},{\"Id\":878,\"Name\":\"Protein Quantity Per 100g - Total - NIP\",\"Value\":\"8.20g\",\"Description\":\"Protein Quantity Per 100g - Total - NIP\",\"SortOrder\":587},{\"Id\":882,\"Name\":\"Protein Quantity Per Serve - Total - NIP\",\"Value\":\"4.10g\",\"Description\":\"Protein Quantity Per Serve - Total - NIP\",\"SortOrder\":591},{\"Id\":477,\"Name\":\"Serving Size - Total - NIP\",\"Value\":\"50g\",\"Description\":\"Serving Size - Total - NIP\",\"SortOrder\":607},{\"Id\":491,\"Name\":\"Sodium Quantity Per 100g - Total - NIP\",\"Value\":\"400.00mg\",\"Description\":\"Sodium Quantity Per 100g - Total - NIP\",\"SortOrder\":623},{\"Id\":495,\"Name\":\"Sodium Quantity Per Serve - Total - NIP\",\"Value\":\"200.00mg\",\"Description\":\"Sodium Quantity Per Serve - Total - NIP\",\"SortOrder\":627},{\"Id\":907,\"Name\":\"Sugars Quantity Per 100g - Prefix - NIP\",\"Value\":\"Approx.\",\"Description\":\"Sugars Quantity Per 100g - Prefix - NIP\",\"SortOrder\":645},{\"Id\":908,\"Name\":\"Sugars Quantity Per 100g - SuffixUnits - NIP\",\"Value\":\"g\",\"Description\":\"Sugars Quantity Per 100g - SuffixUnits - NIP\",\"SortOrder\":646},{\"Id\":909,\"Name\":\"Sugars Quantity Per 100g - Total - NIP\",\"Value\":\"1.90g\",\"Description\":\"Sugars Quantity Per 100g - Total - NIP\",\"SortOrder\":647},{\"Id\":910,\"Name\":\"Sugars Quantity Per 100g - ValueWord - NIP\",\"Value\":\"1.90\",\"Description\":\"Sugars Quantity Per 100g - ValueWord - NIP\",\"SortOrder\":648},{\"Id\":504,\"Name\":\"Sugars Quantity Per Serve - Prefix - NIP\",\"Value\":\"Approx.\",\"Description\":\"Sugars Quantity Per Serve - Prefix - NIP\",\"SortOrder\":649},{\"Id\":911,\"Name\":\"Sugars Quantity Per Serve - SuffixUnits - NIP\",\"Value\":\"g\",\"Description\":\"Sugars Quantity Per Serve - SuffixUnits - NIP\",\"SortOrder\":650},{\"Id\":912,\"Name\":\"Sugars Quantity Per Serve - Total - NIP\",\"Value\":\"1.00g\",\"Description\":\"Sugars Quantity Per Serve - Total - NIP\",\"SortOrder\":651},{\"Id\":572,\"Name\":\"Sugars Quantity Per Serve - ValueWord - NIP\",\"Value\":\"1.00\",\"Description\":\"Sugars Quantity Per Serve - ValueWord - NIP\",\"SortOrder\":652},{\"Id\":593,\"Name\":\"Trans Quantity Per 100g - Total - NIP\",\"Value\":\"<0.1g\",\"Description\":\"Trans Quantity Per 100g - Total - NIP\",\"SortOrder\":667},{\"Id\":510,\"Name\":\"Trans Quantity Per Serve - Total - NIP\",\"Value\":\"<0.1g\",\"Description\":\"Trans Quantity Per Serve - Total - NIP\",\"SortOrder\":671}]}",
                  "ovencook": "False",
                  "vegetarian": "False",
                  "hypo-allergenic": null,
                  "timer": null,
                  "dermatologistrecommended": null,
                  "sapdepartmentno": "47",
                  "allergencontains": "Gluten",
                  "waterresistant": null,
                  "friendlydisclaimer": null,
                  "recyclableinformation": null,
                  "usageinstructions": null,
                  "freezable": "False"
              },
              "DetailsImagePaths": [
                  "https://cdn0.woolworths.media/content/wowproductimages/large/852257.jpg"
              ],
              "Variety": null,
              "Rating": {
                  "ReviewCount": 0,
                  "RatingCount": 0,
                  "RatingSum": 0,
                  "OneStarCount": 0,
                  "TwoStarCount": 0,
                  "ThreeStarCount": 0,
                  "FourStarCount": 0,
                  "FiveStarCount": 0,
                  "Average": 0,
                  "OneStarPercentage": 0,
                  "TwoStarPercentage": 0,
                  "ThreeStarPercentage": 0,
                  "FourStarPercentage": 0,
                  "FiveStarPercentage": 0
              },
              "HasProductSubs": false,
              "IsSponsoredAd": false,
              "AdID": null,
              "AdIndex": null,
              "IsMarketProduct": false,
              "IsGiftable": false,
              "Vendor": null,
              "Untraceable": false,
              "ThirdPartyProductInfo": null,
              "MarketFeatures": null,
              "MarketSpecifications": null,
              "SupplyLimitSource": "StockQuantity",
              "Tags": null,
              "IsPersonalisedByPurchaseHistory": false,
              "IsFromFacetedSearch": false,
              "NextAvailabilityDate": "2024-02-22T00:00:00.0000000Z",
              "NumberOfSubstitutes": 0,
              "IsPrimaryVariant": false,
              "VariantGroupId": 0,
              "HasVariants": false,
              "VariantTitle": null,
              "IsTobacco": false
          }
      ],
      "Name": "Woolworths Rustic White Sourdough Loaf",
      "DisplayName": "Woolworths Rustic White Sourdough Loaf 500g"
  },
  {
      "Products": [
          {
              "TileID": 0,
              "Stockcode": 201257,
              "Barcode": "0280085000007",
              "GtinFormat": 13,
              "CupPrice": 0.5,
              "InstoreCupPrice": 0.5,
              "CupMeasure": "1EA",
              "CupString": "$0.50 / 1EA",
              "InstoreCupString": "$0.50 / 1EA",
              "HasCupPrice": true,
              "InstoreHasCupPrice": true,
              "Price": 3,
              "InstorePrice": 3,
              "Name": "Woolworths Bread Rolls Extra Soft Jumbo",
              "DisplayName": "Woolworths Bread Rolls Extra Soft Jumbo 6 Pack",
              "UrlFriendlyName": "woolworths-bread-rolls-extra-soft-jumbo",
              "Description": " Woolworths Bread Rolls Extra<br>Soft Jumbo 6 Pack",
              "SmallImageFile": "https://cdn0.woolworths.media/content/wowproductimages/small/201257.jpg",
              "MediumImageFile": "https://cdn0.woolworths.media/content/wowproductimages/medium/201257.jpg",
              "LargeImageFile": "https://cdn0.woolworths.media/content/wowproductimages/large/201257.jpg",
              "IsNew": false,
              "IsHalfPrice": false,
              "IsOnlineOnly": false,
              "IsOnSpecial": false,
              "InstoreIsOnSpecial": false,
              "IsEdrSpecial": false,
              "SavingsAmount": 0,
              "InstoreSavingsAmount": 0,
              "WasPrice": 3,
              "InstoreWasPrice": 3,
              "QuantityInTrolley": 0,
              "Unit": "Each",
              "MinimumQuantity": 1,
              "HasBeenBoughtBefore": false,
              "IsInTrolley": false,
              "Source": "Aisle.Bakery",
              "SupplyLimit": 36,
              "ProductLimit": 36,
              "MaxSupplyLimitMessage": "36 item limit",
              "IsRanged": true,
              "IsInStock": true,
              "PackageSize": "6 Pack",
              "IsPmDelivery": true,
              "IsForCollection": true,
              "IsForDelivery": true,
              "IsForExpress": true,
              "ProductRestrictionMessage": "Afternoon delivery & pick up",
              "ProductWarningMessage": "Afternoon delivery & pick up",
              "CentreTag": {
                  "TagContent": null,
                  "TagLink": null,
                  "FallbackText": null,
                  "TagType": "None",
                  "MultibuyData": null,
                  "MemberPriceData": null,
                  "TagContentText": null,
                  "DualImageTagContent": null,
                  "PromotionType": "NOT_SET",
                  "IsRegisteredRewardCardPromotion": false
              },
              "IsCentreTag": false,
              "ImageTag": {
                  "TagContent": null,
                  "TagLink": null,
                  "FallbackText": "",
                  "TagType": "None",
                  "MultibuyData": null,
                  "MemberPriceData": null,
                  "TagContentText": null,
                  "DualImageTagContent": null,
                  "PromotionType": "NOT_SET",
                  "IsRegisteredRewardCardPromotion": false
              },
              "HeaderTag": {
                  "BackgroundColor": "#c20016",
                  "BorderColor": "#c20016",
                  "TextColor": "#fff",
                  "Content": "LOW PRICE",
                  "TagLink": null,
                  "Promotion": "LowPrice"
              },
              "HasHeaderTag": true,
              "UnitWeightInGrams": 0,
              "SupplyLimitMessage": "'Woolworths Bread Rolls Extra Soft Jumbo' has a supply limit of 36. The quantity in your cart has been reduced accordingly. To purchase a larger quantity, please contact us on 1800 000 610. Please note we do not supply trade orders.",
              "SmallFormatDescription": "Woolworths Bread Rolls Extra Soft Jumbo",
              "FullDescription": "Woolworths Bread Rolls Extra Soft Jumbo",
              "IsAvailable": true,
              "InstoreIsAvailable": false,
              "IsPurchasable": true,
              "InstoreIsPurchasable": false,
              "AgeRestricted": false,
              "DisplayQuantity": 1,
              "RichDescription": null,
              "HideWasSavedPrice": false,
              "SapCategories": null,
              "Brand": "Woolworths",
              "IsRestrictedByDeliveryMethod": false,
              "FooterTag": {
                  "TagContent": "Lower Price Always",
                  "TagLink": null,
                  "FallbackText": null,
                  "TagType": "Html",
                  "MultibuyData": null,
                  "MemberPriceData": null,
                  "TagContentText": null,
                  "DualImageTagContent": null,
                  "PromotionType": "NOT_SET",
                  "IsRegisteredRewardCardPromotion": false
              },
              "IsFooterEnabled": true,
              "Diagnostics": "100",
              "IsBundle": false,
              "IsInFamily": false,
              "ChildProducts": null,
              "UrlOverride": null,
              "AdditionalAttributes": {
                  "boxedcontents": null,
                  "addedvitaminsandminerals": "False",
                  "sapdepartmentname": "BAKEHOUSE",
                  "spf": null,
                  "haircolour": null,
                  "lifestyleanddietarystatement": "Low Saturated Fat",
                  "sapcategoryname": "INSTORE BAKERY",
                  "skintype": null,
                  "importantinformation": null,
                  "allergystatement": "Fish Free",
                  "productdepthmm": null,
                  "skincondition": null,
                  "ophthalmologistapproved": null,
                  "healthstarrating": "4",
                  "hairtype": null,
                  "fragrance-free": null,
                  "sapsegmentname": "WHITE ROLL",
                  "suitablefor": null,
                  "PiesProductDepartmentsjson": "[{\"Id\":\"1_9E92C35\",\"Description\":\"Lunch Box\"},{\"Id\":\"1_DEB537E\",\"Description\":\"Bakery\"}]",
                  "piessubcategorynamesjson": "[\"Bread & Wraps\",\"Bread Rolls\",\"Bread\"]",
                  "sapsegmentno": "2",
                  "productwidthmm": null,
                  "contains": null,
                  "sapsubcategoryname": "ISB BREAD ROLL",
                  "dermatologisttested": null,
                  "wool_productpackaging": null,
                  "dermatologicallyapproved": null,
                  "specialsgroupid": null,
                  "productimages": "201257.jpg",
                  "productheightmm": null,
                  "r&r_hidereviews": null,
                  "microwavesafe": "False",
                  "paba-free": null,
                  "lifestyleclaim": null,
                  "alcoholfree": null,
                  "tgawarning": null,
                  "activeconstituents": null,
                  "microwaveable": "False",
                  "soap-free": null,
                  "countryoforigin": null,
                  "isexcludedfromsubstitution": "False",
                  "productimagecount": "1",
                  "r&r_loggedinreviews": null,
                  "anti-dandruff": null,
                  "servingsize-total-nip": null,
                  "tgahealthwarninglink": null,
                  "allergenmaybepresent": "EGG, MILK, PEANUTS, SOY, TREE NUTS, LUPIN.",
                  "PiesProductDepartmentNodeId": "1_9E92C35",
                  "parabenfree": "False",
                  "vendorarticleid": null,
                  "containsgluten": "False",
                  "containsnuts": "False",
                  "ingredients": "Wheat Flour (Vitamins (Thiamin, Folic Acid)), Wa ter, Yeast, Vegetable Oils (Palm, Canola), Topping (Plain or Sesame Seeds or Poppy Seeds), Iodised S alt, Yellow Pea Flour, Wheat Gluten, Fermented Whe at Flour, Processing Aid (Wheat).",
                  "colour": null,
                  "manufacturer": null,
                  "sapcategoryno": "56",
                  "storageinstructions": null,
                  "tgawarnings": null,
                  "piesdepartmentnamesjson": "[\"Lunch Box\",\"Bakery\"]",
                  "brand": "woolworths",
                  "oilfree": null,
                  "fragrance": null,
                  "antibacterial": "False",
                  "non-comedogenic": null,
                  "antiseptic": "False",
                  "bpafree": "False",
                  "vendorcostprice": null,
                  "description": "<p></p>",
                  "sweatresistant": null,
                  "sapsubcategoryno": "973",
                  "antioxidant": "False",
                  "claims": null,
                  "phbalanced": null,
                  "wool_dietaryclaim": null,
                  "ophthalmologisttested": null,
                  "sulfatefree": "False",
                  "servingsperpack-total-nip": null,
                  "piescategorynamesjson": "[\"Lunch\",\"In-Store Bakery\"]",
                  "nutritionalinformation": "{\"Name\":\"Nutritional Information\",\"Attributes\":[{\"Id\":702,\"Name\":\"Calcium Quantity Per 100g - Total - NIP\",\"Value\":\"112mg\",\"Description\":\"Calcium Quantity Per 100g - Total - NIP\",\"SortOrder\":71},{\"Id\":705,\"Name\":\"Carbohydrate Quantity Per 100g - Total - NIP\",\"Value\":\"46.00g\",\"Description\":\"Carbohydrate Quantity Per 100g - Total - NIP\",\"SortOrder\":83},{\"Id\":706,\"Name\":\"Carbohydrate Quantity Per Serve - Total - NIP\",\"Value\":\"41.40g\",\"Description\":\"Carbohydrate Quantity Per Serve - Total - NIP\",\"SortOrder\":87},{\"Id\":191,\"Name\":\"Dietary Fibre Quantity Per 100g - Total - NIP\",\"Value\":\"3.00g\",\"Description\":\"Dietary Fibre Quantity Per 100g - Total - NIP\",\"SortOrder\":175},{\"Id\":120,\"Name\":\"Dietary Fibre Quantity Per Serve - Total - NIP\",\"Value\":\"2.70g\",\"Description\":\"Dietary Fibre Quantity Per Serve - Total - NIP\",\"SortOrder\":179},{\"Id\":759,\"Name\":\"Energy kJ Quantity Per 100g - Total - NIP\",\"Value\":\"1130.00kJ\",\"Description\":\"Energy kJ Quantity Per 100g - Total - NIP\",\"SortOrder\":239},{\"Id\":760,\"Name\":\"Energy kJ Quantity Per Serve - Total - NIP\",\"Value\":\"1020.00kJ\",\"Description\":\"Energy kJ Quantity Per Serve - Total - NIP\",\"SortOrder\":243},{\"Id\":253,\"Name\":\"Fat Saturated Quantity Per 100g - Total - NIP\",\"Value\":\"0.60g\",\"Description\":\"Fat Saturated Quantity Per 100g - Total - NIP\",\"SortOrder\":251},{\"Id\":258,\"Name\":\"Fat Saturated Quantity Per Serve - Total - NIP\",\"Value\":\"0.50g\",\"Description\":\"Fat Saturated Quantity Per Serve - Total - NIP\",\"SortOrder\":255},{\"Id\":764,\"Name\":\"Fat Total Quantity Per 100g - Total - NIP\",\"Value\":\"4.10g\",\"Description\":\"Fat Total Quantity Per 100g - Total - NIP\",\"SortOrder\":263},{\"Id\":166,\"Name\":\"Fat Total Quantity Per 100g - ValueWord - NIP\",\"Value\":\"4.10\",\"Description\":\"Fat Total Quantity Per 100g - ValueWord - NIP\",\"SortOrder\":264},{\"Id\":264,\"Name\":\"Fat Total Quantity Per Serve - Total - NIP\",\"Value\":\"3.70g\",\"Description\":\"Fat Total Quantity Per Serve - Total - NIP\",\"SortOrder\":267},{\"Id\":402,\"Name\":\"Monounsaturated Quantity Per 100g - Total - NIP\",\"Value\":\"0.85g\",\"Description\":\"Monounsaturated Quantity Per 100g - Total - NIP\",\"SortOrder\":479},{\"Id\":434,\"Name\":\"Polyunsaturated Quantity Per 100g - Total - NIP\",\"Value\":\"1.35g\",\"Description\":\"Polyunsaturated Quantity Per 100g - Total - NIP\",\"SortOrder\":563},{\"Id\":443,\"Name\":\"Potassium Quantity Per 100g - Total - NIP\",\"Value\":\"134mg\",\"Description\":\"Potassium Quantity Per 100g - Total - NIP\",\"SortOrder\":575},{\"Id\":878,\"Name\":\"Protein Quantity Per 100g - Total - NIP\",\"Value\":\"10.00g\",\"Description\":\"Protein Quantity Per 100g - Total - NIP\",\"SortOrder\":587},{\"Id\":882,\"Name\":\"Protein Quantity Per Serve - Total - NIP\",\"Value\":\"9.00g\",\"Description\":\"Protein Quantity Per Serve - Total - NIP\",\"SortOrder\":591},{\"Id\":477,\"Name\":\"Serving Size - Total - NIP\",\"Value\":\"90g\",\"Description\":\"Serving Size - Total - NIP\",\"SortOrder\":607},{\"Id\":544,\"Name\":\"Servings Per Pack - Total - NIP\",\"Value\":\"6\",\"Description\":\"Servings Per Pack - Total - NIP\",\"SortOrder\":611},{\"Id\":491,\"Name\":\"Sodium Quantity Per 100g - Total - NIP\",\"Value\":\"267.00mg\",\"Description\":\"Sodium Quantity Per 100g - Total - NIP\",\"SortOrder\":623},{\"Id\":495,\"Name\":\"Sodium Quantity Per Serve - Total - NIP\",\"Value\":\"240.00mg\",\"Description\":\"Sodium Quantity Per Serve - Total - NIP\",\"SortOrder\":627},{\"Id\":907,\"Name\":\"Sugars Quantity Per 100g - Prefix - NIP\",\"Value\":null,\"Description\":\"Sugars Quantity Per 100g - Prefix - NIP\",\"SortOrder\":645},{\"Id\":908,\"Name\":\"Sugars Quantity Per 100g - SuffixUnits - NIP\",\"Value\":\"g\",\"Description\":\"Sugars Quantity Per 100g - SuffixUnits - NIP\",\"SortOrder\":646},{\"Id\":909,\"Name\":\"Sugars Quantity Per 100g - Total - NIP\",\"Value\":\"0.50g\",\"Description\":\"Sugars Quantity Per 100g - Total - NIP\",\"SortOrder\":647},{\"Id\":910,\"Name\":\"Sugars Quantity Per 100g - ValueWord - NIP\",\"Value\":\"0.50\",\"Description\":\"Sugars Quantity Per 100g - ValueWord - NIP\",\"SortOrder\":648},{\"Id\":504,\"Name\":\"Sugars Quantity Per Serve - Prefix - NIP\",\"Value\":null,\"Description\":\"Sugars Quantity Per Serve - Prefix - NIP\",\"SortOrder\":649},{\"Id\":911,\"Name\":\"Sugars Quantity Per Serve - SuffixUnits - NIP\",\"Value\":\"g\",\"Description\":\"Sugars Quantity Per Serve - SuffixUnits - NIP\",\"SortOrder\":650},{\"Id\":912,\"Name\":\"Sugars Quantity Per Serve - Total - NIP\",\"Value\":\"0.40g\",\"Description\":\"Sugars Quantity Per Serve - Total - NIP\",\"SortOrder\":651},{\"Id\":572,\"Name\":\"Sugars Quantity Per Serve - ValueWord - NIP\",\"Value\":\"0.40\",\"Description\":\"Sugars Quantity Per Serve - ValueWord - NIP\",\"SortOrder\":652},{\"Id\":593,\"Name\":\"Trans Quantity Per 100g - Total - NIP\",\"Value\":\"29.86mg\",\"Description\":\"Trans Quantity Per 100g - Total - NIP\",\"SortOrder\":667}]}",
                  "ovencook": "False",
                  "vegetarian": "False",
                  "hypo-allergenic": null,
                  "timer": null,
                  "dermatologistrecommended": null,
                  "sapdepartmentno": "45",
                  "allergencontains": "GLUTEN,WHEAT,SESAME.",
                  "waterresistant": null,
                  "friendlydisclaimer": null,
                  "recyclableinformation": null,
                  "usageinstructions": null,
                  "freezable": "False"
              },
              "DetailsImagePaths": [
                  "https://cdn0.woolworths.media/content/wowproductimages/large/201257.jpg"
              ],
              "Variety": "Extra Soft Jumbo",
              "Rating": {
                  "ReviewCount": 0,
                  "RatingCount": 0,
                  "RatingSum": 0,
                  "OneStarCount": 0,
                  "TwoStarCount": 0,
                  "ThreeStarCount": 0,
                  "FourStarCount": 0,
                  "FiveStarCount": 0,
                  "Average": 0,
                  "OneStarPercentage": 0,
                  "TwoStarPercentage": 0,
                  "ThreeStarPercentage": 0,
                  "FourStarPercentage": 0,
                  "FiveStarPercentage": 0
              },
              "HasProductSubs": false,
              "IsSponsoredAd": false,
              "AdID": null,
              "AdIndex": null,
              "IsMarketProduct": false,
              "IsGiftable": false,
              "Vendor": null,
              "Untraceable": false,
              "ThirdPartyProductInfo": null,
              "MarketFeatures": null,
              "MarketSpecifications": null,
              "SupplyLimitSource": "ProductLimit",
              "Tags": [
                  {
                      "Content": {
                          "Type": "Label",
                          "Position": "Top",
                          "Attributes": {
                              "Text": "LOW PRICE",
                              "Promotion": "LowPrice",
                              "BackgroundColor": "#c20016",
                              "BorderColor": "#c20016",
                              "TextColor": "#fff"
                          }
                      },
                      "TemplateId": null,
                      "Metadata": null
                  }
              ],
              "IsPersonalisedByPurchaseHistory": false,
              "IsFromFacetedSearch": false,
              "NextAvailabilityDate": "2024-02-22T00:00:00.0000000Z",
              "NumberOfSubstitutes": 0,
              "IsPrimaryVariant": false,
              "VariantGroupId": 0,
              "HasVariants": false,
              "VariantTitle": null,
              "IsTobacco": false
          }
      ],
      "Name": "Woolworths Bread Rolls Extra Soft Jumbo",
      "DisplayName": "Woolworths Bread Rolls Extra Soft Jumbo 6 Pack"
  },
  {
      "Products": [
          {
              "TileID": 0,
              "Stockcode": 573301,
              "Barcode": "9300633634421",
              "GtinFormat": 13,
              "CupPrice": null,
              "InstoreCupPrice": null,
              "CupMeasure": "1EA",
              "CupString": "",
              "InstoreCupString": "",
              "HasCupPrice": false,
              "InstoreHasCupPrice": false,
              "Price": null,
              "InstorePrice": null,
              "Name": "Menissez Bake At Home White Dinner Rolls",
              "DisplayName": "Menissez Bake At Home White Dinner Rolls 6 Pack",
              "UrlFriendlyName": "menissez-bake-at-home-white-dinner-rolls",
              "Description": " Menissez Bake At Home White<br>Dinner Rolls 6 Pack",
              "SmallImageFile": "https://cdn0.woolworths.media/content/wowproductimages/small/573301.jpg",
              "MediumImageFile": "https://cdn0.woolworths.media/content/wowproductimages/medium/573301.jpg",
              "LargeImageFile": "https://cdn0.woolworths.media/content/wowproductimages/large/573301.jpg",
              "IsNew": false,
              "IsHalfPrice": false,
              "IsOnlineOnly": false,
              "IsOnSpecial": false,
              "InstoreIsOnSpecial": false,
              "IsEdrSpecial": false,
              "SavingsAmount": null,
              "InstoreSavingsAmount": null,
              "WasPrice": 2.9,
              "InstoreWasPrice": 2.9,
              "QuantityInTrolley": 0,
              "Unit": "Each",
              "MinimumQuantity": 1,
              "HasBeenBoughtBefore": false,
              "IsInTrolley": false,
              "Source": "Aisle.Bakery",
              "SupplyLimit": 5,
              "ProductLimit": 36,
              "MaxSupplyLimitMessage": "5 item(s) left",
              "IsRanged": true,
              "IsInStock": false,
              "PackageSize": "6 Pack",
              "IsPmDelivery": true,
              "IsForCollection": true,
              "IsForDelivery": true,
              "IsForExpress": true,
              "ProductRestrictionMessage": null,
              "ProductWarningMessage": null,
              "CentreTag": {
                  "TagContent": null,
                  "TagLink": null,
                  "FallbackText": null,
                  "TagType": "None",
                  "MultibuyData": null,
                  "MemberPriceData": null,
                  "TagContentText": null,
                  "DualImageTagContent": null,
                  "PromotionType": "NOT_SET",
                  "IsRegisteredRewardCardPromotion": false
              },
              "IsCentreTag": false,
              "ImageTag": {
                  "TagContent": null,
                  "TagLink": null,
                  "FallbackText": null,
                  "TagType": "None",
                  "MultibuyData": null,
                  "MemberPriceData": null,
                  "TagContentText": null,
                  "DualImageTagContent": null,
                  "PromotionType": "NOT_SET",
                  "IsRegisteredRewardCardPromotion": false
              },
              "HeaderTag": null,
              "HasHeaderTag": false,
              "UnitWeightInGrams": 0,
              "SupplyLimitMessage": "'Menissez Bake At Home White Dinner Rolls' has a supply limit of 5. The quantity in your cart has been reduced accordingly. To purchase a larger quantity, please contact us on 1800 000 610. Please note we do not supply trade orders.",
              "SmallFormatDescription": "Menissez Bake At Home White Dinner Rolls",
              "FullDescription": "Menissez Bake At Home White Dinner Rolls",
              "IsAvailable": false,
              "InstoreIsAvailable": true,
              "IsPurchasable": false,
              "InstoreIsPurchasable": false,
              "AgeRestricted": false,
              "DisplayQuantity": 1,
              "RichDescription": null,
              "HideWasSavedPrice": true,
              "SapCategories": null,
              "Brand": "Menissez",
              "IsRestrictedByDeliveryMethod": false,
              "FooterTag": {
                  "TagContent": null,
                  "TagLink": null,
                  "FallbackText": null,
                  "TagType": "None",
                  "MultibuyData": null,
                  "MemberPriceData": null,
                  "TagContentText": null,
                  "DualImageTagContent": null,
                  "PromotionType": "NOT_SET",
                  "IsRegisteredRewardCardPromotion": false
              },
              "IsFooterEnabled": true,
              "Diagnostics": "101",
              "IsBundle": false,
              "IsInFamily": false,
              "ChildProducts": null,
              "UrlOverride": null,
              "AdditionalAttributes": {
                  "boxedcontents": null,
                  "addedvitaminsandminerals": "False",
                  "sapdepartmentname": "PROPRIETARY BAKERY",
                  "spf": null,
                  "haircolour": null,
                  "lifestyleanddietarystatement": "Vegan",
                  "sapcategoryname": "PROPRIETARY BAKERY",
                  "skintype": null,
                  "importantinformation": null,
                  "allergystatement": "Fish Free",
                  "productdepthmm": null,
                  "skincondition": null,
                  "ophthalmologistapproved": null,
                  "healthstarrating": null,
                  "hairtype": null,
                  "fragrance-free": null,
                  "sapsegmentname": "DINNER",
                  "suitablefor": null,
                  "PiesProductDepartmentsjson": "[{\"Id\":\"1_DEB537E\",\"Description\":\"Bakery\"}]",
                  "piessubcategorynamesjson": "[\"Bake At Home\"]",
                  "sapsegmentno": "4",
                  "productwidthmm": null,
                  "contains": null,
                  "sapsubcategoryname": "RESALE BAKE AT HOME",
                  "dermatologisttested": null,
                  "wool_productpackaging": null,
                  "dermatologicallyapproved": null,
                  "specialsgroupid": null,
                  "productimages": "573301.jpg",
                  "productheightmm": null,
                  "r&r_hidereviews": null,
                  "microwavesafe": "False",
                  "paba-free": null,
                  "lifestyleclaim": null,
                  "alcoholfree": null,
                  "tgawarning": null,
                  "activeconstituents": null,
                  "microwaveable": "False",
                  "soap-free": null,
                  "countryoforigin": null,
                  "isexcludedfromsubstitution": "False",
                  "productimagecount": "1",
                  "r&r_loggedinreviews": null,
                  "anti-dandruff": null,
                  "servingsize-total-nip": null,
                  "tgahealthwarninglink": null,
                  "allergenmaybepresent": null,
                  "PiesProductDepartmentNodeId": "1_DEB537E",
                  "parabenfree": "False",
                  "vendorarticleid": null,
                  "containsgluten": "False",
                  "containsnuts": "False",
                  "ingredients": "Wheat Flour, Water, Yeast, Iodised Salt, Fermented Wheat Flour, Malter Wheat Flour, Antioxidant: Ascorbic Acid, Broad Bean Flour, Deactivated Yeast.",
                  "colour": null,
                  "manufacturer": null,
                  "sapcategoryno": "60",
                  "storageinstructions": null,
                  "tgawarnings": null,
                  "piesdepartmentnamesjson": "[\"Bakery\"]",
                  "brand": "menissez",
                  "oilfree": null,
                  "fragrance": null,
                  "antibacterial": "False",
                  "non-comedogenic": null,
                  "antiseptic": "False",
                  "bpafree": "False",
                  "vendorcostprice": null,
                  "description": "<p></p>",
                  "sweatresistant": null,
                  "sapsubcategoryno": "812",
                  "antioxidant": "False",
                  "claims": null,
                  "phbalanced": null,
                  "wool_dietaryclaim": null,
                  "ophthalmologisttested": null,
                  "sulfatefree": "False",
                  "servingsperpack-total-nip": null,
                  "piescategorynamesjson": "[\"Packaged Bread & Bakery\"]",
                  "nutritionalinformation": "{\"Name\":\"Nutritional Information\",\"Attributes\":[{\"Id\":702,\"Name\":\"Calcium Quantity Per 100g - Total - NIP\",\"Value\":\"112mg\",\"Description\":\"Calcium Quantity Per 100g - Total - NIP\",\"SortOrder\":71},{\"Id\":47,\"Name\":\"Calcium Quantity Per Serve - Total - NIP\",\"Value\":\"56mg\",\"Description\":\"Calcium Quantity Per Serve - Total - NIP\",\"SortOrder\":75},{\"Id\":705,\"Name\":\"Carbohydrate Quantity Per 100g - Total - NIP\",\"Value\":\"52g\",\"Description\":\"Carbohydrate Quantity Per 100g - Total - NIP\",\"SortOrder\":83},{\"Id\":706,\"Name\":\"Carbohydrate Quantity Per Serve - Total - NIP\",\"Value\":\"26.g\",\"Description\":\"Carbohydrate Quantity Per Serve - Total - NIP\",\"SortOrder\":87},{\"Id\":191,\"Name\":\"Dietary Fibre Quantity Per 100g - Total - NIP\",\"Value\":\"3g\",\"Description\":\"Dietary Fibre Quantity Per 100g - Total - NIP\",\"SortOrder\":175},{\"Id\":120,\"Name\":\"Dietary Fibre Quantity Per Serve - Total - NIP\",\"Value\":\"1.5g\",\"Description\":\"Dietary Fibre Quantity Per Serve - Total - NIP\",\"SortOrder\":179},{\"Id\":759,\"Name\":\"Energy kJ Quantity Per 100g - Total - NIP\",\"Value\":\"1056kJ\",\"Description\":\"Energy kJ Quantity Per 100g - Total - NIP\",\"SortOrder\":239},{\"Id\":760,\"Name\":\"Energy kJ Quantity Per Serve - Total - NIP\",\"Value\":\"528kJ\",\"Description\":\"Energy kJ Quantity Per Serve - Total - NIP\",\"SortOrder\":243},{\"Id\":253,\"Name\":\"Fat Saturated Quantity Per 100g - Total - NIP\",\"Value\":\"0.2g\",\"Description\":\"Fat Saturated Quantity Per 100g - Total - NIP\",\"SortOrder\":251},{\"Id\":258,\"Name\":\"Fat Saturated Quantity Per Serve - Total - NIP\",\"Value\":\"0.1g\",\"Description\":\"Fat Saturated Quantity Per Serve - Total - NIP\",\"SortOrder\":255},{\"Id\":764,\"Name\":\"Fat Total Quantity Per 100g - Total - NIP\",\"Value\":\"0.9g\",\"Description\":\"Fat Total Quantity Per 100g - Total - NIP\",\"SortOrder\":263},{\"Id\":166,\"Name\":\"Fat Total Quantity Per 100g - ValueWord - NIP\",\"Value\":\"0.9\",\"Description\":\"Fat Total Quantity Per 100g - ValueWord - NIP\",\"SortOrder\":264},{\"Id\":264,\"Name\":\"Fat Total Quantity Per Serve - Total - NIP\",\"Value\":\"0.5g\",\"Description\":\"Fat Total Quantity Per Serve - Total - NIP\",\"SortOrder\":267},{\"Id\":402,\"Name\":\"Monounsaturated Quantity Per 100g - Total - NIP\",\"Value\":\"0.85g\",\"Description\":\"Monounsaturated Quantity Per 100g - Total - NIP\",\"SortOrder\":479},{\"Id\":834,\"Name\":\"Monounsaturated Quantity Per Serve - Total - NIP\",\"Value\":\"0.43g\",\"Description\":\"Monounsaturated Quantity Per Serve - Total - NIP\",\"SortOrder\":483},{\"Id\":434,\"Name\":\"Polyunsaturated Quantity Per 100g - Total - NIP\",\"Value\":\"1.35g\",\"Description\":\"Polyunsaturated Quantity Per 100g - Total - NIP\",\"SortOrder\":563},{\"Id\":435,\"Name\":\"Polyunsaturated Quantity Per Serve - Total - NIP\",\"Value\":\"0.68g\",\"Description\":\"Polyunsaturated Quantity Per Serve - Total - NIP\",\"SortOrder\":567},{\"Id\":443,\"Name\":\"Potassium Quantity Per 100g - Total - NIP\",\"Value\":\"134mg\",\"Description\":\"Potassium Quantity Per 100g - Total - NIP\",\"SortOrder\":575},{\"Id\":493,\"Name\":\"Potassium Quantity Per Serve - Total - NIP\",\"Value\":\"67mg\",\"Description\":\"Potassium Quantity Per Serve - Total - NIP\",\"SortOrder\":579},{\"Id\":878,\"Name\":\"Protein Quantity Per 100g - Total - NIP\",\"Value\":\"7.2g\",\"Description\":\"Protein Quantity Per 100g - Total - NIP\",\"SortOrder\":587},{\"Id\":882,\"Name\":\"Protein Quantity Per Serve - Total - NIP\",\"Value\":\"3.6g\",\"Description\":\"Protein Quantity Per Serve - Total - NIP\",\"SortOrder\":591},{\"Id\":477,\"Name\":\"Serving Size - Total - NIP\",\"Value\":\"50g\",\"Description\":\"Serving Size - Total - NIP\",\"SortOrder\":607},{\"Id\":544,\"Name\":\"Servings Per Pack - Total - NIP\",\"Value\":\"6\",\"Description\":\"Servings Per Pack - Total - NIP\",\"SortOrder\":611},{\"Id\":491,\"Name\":\"Sodium Quantity Per 100g - Total - NIP\",\"Value\":\"594mg\",\"Description\":\"Sodium Quantity Per 100g - Total - NIP\",\"SortOrder\":623},{\"Id\":495,\"Name\":\"Sodium Quantity Per Serve - Total - NIP\",\"Value\":\"297mg\",\"Description\":\"Sodium Quantity Per Serve - Total - NIP\",\"SortOrder\":627},{\"Id\":907,\"Name\":\"Sugars Quantity Per 100g - Prefix - NIP\",\"Value\":null,\"Description\":\"Sugars Quantity Per 100g - Prefix - NIP\",\"SortOrder\":645},{\"Id\":908,\"Name\":\"Sugars Quantity Per 100g - SuffixUnits - NIP\",\"Value\":\"g\",\"Description\":\"Sugars Quantity Per 100g - SuffixUnits - NIP\",\"SortOrder\":646},{\"Id\":909,\"Name\":\"Sugars Quantity Per 100g - Total - NIP\",\"Value\":\"3.7g\",\"Description\":\"Sugars Quantity Per 100g - Total - NIP\",\"SortOrder\":647},{\"Id\":910,\"Name\":\"Sugars Quantity Per 100g - ValueWord - NIP\",\"Value\":\"3.7\",\"Description\":\"Sugars Quantity Per 100g - ValueWord - NIP\",\"SortOrder\":648},{\"Id\":504,\"Name\":\"Sugars Quantity Per Serve - Prefix - NIP\",\"Value\":null,\"Description\":\"Sugars Quantity Per Serve - Prefix - NIP\",\"SortOrder\":649},{\"Id\":911,\"Name\":\"Sugars Quantity Per Serve - SuffixUnits - NIP\",\"Value\":\"g\",\"Description\":\"Sugars Quantity Per Serve - SuffixUnits - NIP\",\"SortOrder\":650},{\"Id\":912,\"Name\":\"Sugars Quantity Per Serve - Total - NIP\",\"Value\":\"1.9g\",\"Description\":\"Sugars Quantity Per Serve - Total - NIP\",\"SortOrder\":651},{\"Id\":572,\"Name\":\"Sugars Quantity Per Serve - ValueWord - NIP\",\"Value\":\"1.9\",\"Description\":\"Sugars Quantity Per Serve - ValueWord - NIP\",\"SortOrder\":652},{\"Id\":593,\"Name\":\"Trans Quantity Per 100g - Total - NIP\",\"Value\":\"29.86mg\",\"Description\":\"Trans Quantity Per 100g - Total - NIP\",\"SortOrder\":667},{\"Id\":510,\"Name\":\"Trans Quantity Per Serve - Total - NIP\",\"Value\":\"14.93mg\",\"Description\":\"Trans Quantity Per Serve - Total - NIP\",\"SortOrder\":671}]}",
                  "ovencook": "False",
                  "vegetarian": "False",
                  "hypo-allergenic": null,
                  "timer": null,
                  "dermatologistrecommended": null,
                  "sapdepartmentno": "47",
                  "allergencontains": null,
                  "waterresistant": null,
                  "friendlydisclaimer": null,
                  "recyclableinformation": null,
                  "usageinstructions": null,
                  "freezable": "False"
              },
              "DetailsImagePaths": [
                  "https://cdn0.woolworths.media/content/wowproductimages/large/573301.jpg"
              ],
              "Variety": "White Dinner Rolls",
              "Rating": {
                  "ReviewCount": 0,
                  "RatingCount": 0,
                  "RatingSum": 0,
                  "OneStarCount": 0,
                  "TwoStarCount": 0,
                  "ThreeStarCount": 0,
                  "FourStarCount": 0,
                  "FiveStarCount": 0,
                  "Average": 0,
                  "OneStarPercentage": 0,
                  "TwoStarPercentage": 0,
                  "ThreeStarPercentage": 0,
                  "FourStarPercentage": 0,
                  "FiveStarPercentage": 0
              },
              "HasProductSubs": false,
              "IsSponsoredAd": false,
              "AdID": null,
              "AdIndex": null,
              "IsMarketProduct": false,
              "IsGiftable": false,
              "Vendor": null,
              "Untraceable": false,
              "ThirdPartyProductInfo": null,
              "MarketFeatures": null,
              "MarketSpecifications": null,
              "SupplyLimitSource": "StockQuantity",
              "Tags": null,
              "IsPersonalisedByPurchaseHistory": false,
              "IsFromFacetedSearch": false,
              "NextAvailabilityDate": "2024-02-22T00:00:00.0000000Z",
              "NumberOfSubstitutes": 0,
              "IsPrimaryVariant": false,
              "VariantGroupId": 0,
              "HasVariants": false,
              "VariantTitle": null,
              "IsTobacco": false
          }
      ],
      "Name": "Menissez Bake At Home White Dinner Rolls",
      "DisplayName": "Menissez Bake At Home White Dinner Rolls 6 Pack"
  },
  {
      "Products": [
          {
              "TileID": 0,
              "Stockcode": 89121,
              "Barcode": "9339423003260",
              "GtinFormat": 13,
              "CupPrice": 1,
              "InstoreCupPrice": 1,
              "CupMeasure": "1EA",
              "CupString": "$1.00 / 1EA",
              "InstoreCupString": "$1.00 / 1EA",
              "HasCupPrice": true,
              "InstoreHasCupPrice": true,
              "Price": 6,
              "InstorePrice": 6,
              "Name": "Tip Top English Muffins Wholemeal",
              "DisplayName": "Tip Top English Muffins Wholemeal 6 Pack",
              "UrlFriendlyName": "tip-top-english-muffins-wholemeal",
              "Description": " Tip Top English Muffins<br>Wholemeal 6 Pack",
              "SmallImageFile": "https://cdn0.woolworths.media/content/wowproductimages/small/089121.jpg",
              "MediumImageFile": "https://cdn0.woolworths.media/content/wowproductimages/medium/089121.jpg",
              "LargeImageFile": "https://cdn0.woolworths.media/content/wowproductimages/large/089121.jpg",
              "IsNew": false,
              "IsHalfPrice": false,
              "IsOnlineOnly": false,
              "IsOnSpecial": false,
              "InstoreIsOnSpecial": false,
              "IsEdrSpecial": false,
              "SavingsAmount": 0,
              "InstoreSavingsAmount": 0,
              "WasPrice": 6,
              "InstoreWasPrice": 6,
              "QuantityInTrolley": 0,
              "Unit": "Each",
              "MinimumQuantity": 1,
              "HasBeenBoughtBefore": false,
              "IsInTrolley": false,
              "Source": "Aisle.Bakery",
              "SupplyLimit": 5,
              "ProductLimit": 5,
              "MaxSupplyLimitMessage": "5 item limit",
              "IsRanged": true,
              "IsInStock": true,
              "PackageSize": "6 Pack",
              "IsPmDelivery": false,
              "IsForCollection": true,
              "IsForDelivery": true,
              "IsForExpress": true,
              "ProductRestrictionMessage": null,
              "ProductWarningMessage": null,
              "CentreTag": {
                  "TagContent": null,
                  "TagLink": null,
                  "FallbackText": null,
                  "TagType": "None",
                  "MultibuyData": null,
                  "MemberPriceData": null,
                  "TagContentText": null,
                  "DualImageTagContent": null,
                  "PromotionType": "NOT_SET",
                  "IsRegisteredRewardCardPromotion": false
              },
              "IsCentreTag": false,
              "ImageTag": {
                  "TagContent": null,
                  "TagLink": null,
                  "FallbackText": "",
                  "TagType": "None",
                  "MultibuyData": null,
                  "MemberPriceData": null,
                  "TagContentText": null,
                  "DualImageTagContent": null,
                  "PromotionType": "NOT_SET",
                  "IsRegisteredRewardCardPromotion": false
              },
              "HeaderTag": null,
              "HasHeaderTag": false,
              "UnitWeightInGrams": 0,
              "SupplyLimitMessage": "'Tip Top English Muffins Wholemeal' has a supply limit of 5. The quantity in your cart has been reduced accordingly. To purchase a larger quantity, please contact us on 1800 000 610. Please note we do not supply trade orders.",
              "SmallFormatDescription": "Tip Top English Muffins Wholemeal",
              "FullDescription": "Tip Top English Muffins Wholemeal",
              "IsAvailable": true,
              "InstoreIsAvailable": false,
              "IsPurchasable": true,
              "InstoreIsPurchasable": false,
              "AgeRestricted": false,
              "DisplayQuantity": 1,
              "RichDescription": null,
              "HideWasSavedPrice": false,
              "SapCategories": null,
              "Brand": "Tip Top",
              "IsRestrictedByDeliveryMethod": false,
              "FooterTag": {
                  "TagContent": null,
                  "TagLink": null,
                  "FallbackText": null,
                  "TagType": "None",
                  "MultibuyData": null,
                  "MemberPriceData": null,
                  "TagContentText": null,
                  "DualImageTagContent": null,
                  "PromotionType": "NOT_SET",
                  "IsRegisteredRewardCardPromotion": false
              },
              "IsFooterEnabled": false,
              "Diagnostics": "102",
              "IsBundle": false,
              "IsInFamily": false,
              "ChildProducts": null,
              "UrlOverride": null,
              "AdditionalAttributes": {
                  "boxedcontents": null,
                  "addedvitaminsandminerals": "False",
                  "sapdepartmentname": "PROPRIETARY BAKERY",
                  "spf": null,
                  "haircolour": null,
                  "lifestyleanddietarystatement": "Low Sugar",
                  "sapcategoryname": "PROPRIETARY BAKERY",
                  "skintype": null,
                  "importantinformation": null,
                  "allergystatement": "No Artificial Preservatives",
                  "productdepthmm": null,
                  "skincondition": null,
                  "ophthalmologistapproved": null,
                  "healthstarrating": "4",
                  "hairtype": null,
                  "fragrance-free": null,
                  "sapsegmentname": "ENGLISH MUFFINS",
                  "suitablefor": null,
                  "PiesProductDepartmentsjson": "[{\"Id\":\"1_DEB537E\",\"Description\":\"Bakery\"}]",
                  "piessubcategorynamesjson": "[\"Muffins, Scones & Cupcakes\"]",
                  "sapsegmentno": "1",
                  "productwidthmm": null,
                  "contains": null,
                  "sapsubcategoryname": "RESALE BAKERY SNACKS",
                  "dermatologisttested": null,
                  "wool_productpackaging": null,
                  "dermatologicallyapproved": null,
                  "specialsgroupid": null,
                  "productimages": "89121.jpg,89121_2.jpg,89121_3.jpg,89121_4.jpg,89121_5.jpg,89121_6.jpg",
                  "productheightmm": null,
                  "r&r_hidereviews": null,
                  "microwavesafe": "False",
                  "paba-free": null,
                  "lifestyleclaim": "Halal",
                  "alcoholfree": null,
                  "tgawarning": null,
                  "activeconstituents": null,
                  "microwaveable": "False",
                  "soap-free": null,
                  "countryoforigin": null,
                  "isexcludedfromsubstitution": "False",
                  "productimagecount": "6",
                  "r&r_loggedinreviews": null,
                  "anti-dandruff": null,
                  "servingsize-total-nip": null,
                  "tgahealthwarninglink": null,
                  "allergenmaybepresent": null,
                  "PiesProductDepartmentNodeId": "1_DEB537E",
                  "parabenfree": "False",
                  "vendorarticleid": null,
                  "containsgluten": "False",
                  "containsnuts": "False",
                  "ingredients": "Whole Grain Wholemeal Wheat Flour (36%), Water, Wheat Flour, Baker's Yeast, Maize Polenta, Wheat Gluten, Iodised Salt, Canola Oil, Soy Flour, Acidity Regulators (341, 263, 262), Preservatives (202, 200), Emulsifiers (481, 472e, 471), Sugar, Vitamins (Thiamin, Folic Acid).",
                  "colour": null,
                  "manufacturer": null,
                  "sapcategoryno": "60",
                  "storageinstructions": "Store in a cool, dry place away from direct sunlight. Enjoy this product fresh, or freeze and store it for up to 4 months at or below –15°C. On thawing, best consumed immediately.",
                  "tgawarnings": null,
                  "piesdepartmentnamesjson": "[\"Bakery\"]",
                  "brand": "tip top",
                  "oilfree": null,
                  "fragrance": null,
                  "antibacterial": "False",
                  "non-comedogenic": null,
                  "antiseptic": "False",
                  "bpafree": "False",
                  "vendorcostprice": null,
                  "description": "<p>Tip Top English Muffins Wholemeal 6 Pack<br/><span style=\"background-color: transparent;\">Get creative with our wholesome and delicious Tip Top English Muffins Wholemeal  the versatile breakfast and snack</span><br/></p><p>Tip Top is all about homegrown goodness That's why we bake every day with Aussie wheat We partner with Foodbank to share goodness with the community And we use more sustainable packaging wherever we can so Australia stays beautiful for generations to come</p><p><BR><BR>50 of your Daily Target of Whole Grains<BR><BR>Source of Fibre<BR><BR>No Artificial Colours or Flavours<BR><BR>Made with Aussie Wheat<BR><BR>One Tip Top Wholemeal English Muffin contributes 50 of the 48g Whole Grain Daily</p>",
                  "sweatresistant": null,
                  "sapsubcategoryno": "949",
                  "antioxidant": "False",
                  "claims": null,
                  "phbalanced": null,
                  "wool_dietaryclaim": null,
                  "ophthalmologisttested": null,
                  "sulfatefree": "False",
                  "servingsperpack-total-nip": null,
                  "piescategorynamesjson": "[\"Packaged Bread & Bakery\"]",
                  "nutritionalinformation": "{\"Name\":\"Nutritional Information\",\"Attributes\":[{\"Id\":702,\"Name\":\"Calcium Quantity Per 100g - Total - NIP\",\"Value\":\"170mg\",\"Description\":\"Calcium Quantity Per 100g - Total - NIP\",\"SortOrder\":71},{\"Id\":705,\"Name\":\"Carbohydrate Quantity Per 100g - Total - NIP\",\"Value\":\"29.1g\",\"Description\":\"Carbohydrate Quantity Per 100g - Total - NIP\",\"SortOrder\":83},{\"Id\":706,\"Name\":\"Carbohydrate Quantity Per Serve - Total - NIP\",\"Value\":\"19.5g\",\"Description\":\"Carbohydrate Quantity Per Serve - Total - NIP\",\"SortOrder\":87},{\"Id\":191,\"Name\":\"Dietary Fibre Quantity Per 100g - Total - NIP\",\"Value\":\"5.0g\",\"Description\":\"Dietary Fibre Quantity Per 100g - Total - NIP\",\"SortOrder\":175},{\"Id\":120,\"Name\":\"Dietary Fibre Quantity Per Serve - Total - NIP\",\"Value\":\"3.4g\",\"Description\":\"Dietary Fibre Quantity Per Serve - Total - NIP\",\"SortOrder\":179},{\"Id\":759,\"Name\":\"Energy kJ Quantity Per 100g - Total - NIP\",\"Value\":\"746kJ\",\"Description\":\"Energy kJ Quantity Per 100g - Total - NIP\",\"SortOrder\":239},{\"Id\":760,\"Name\":\"Energy kJ Quantity Per Serve - Total - NIP\",\"Value\":\"500kJ\",\"Description\":\"Energy kJ Quantity Per Serve - Total - NIP\",\"SortOrder\":243},{\"Id\":253,\"Name\":\"Fat Saturated Quantity Per 100g - Total - NIP\",\"Value\":\"0.6g\",\"Description\":\"Fat Saturated Quantity Per 100g - Total - NIP\",\"SortOrder\":251},{\"Id\":258,\"Name\":\"Fat Saturated Quantity Per Serve - Total - NIP\",\"Value\":\"0.4g\",\"Description\":\"Fat Saturated Quantity Per Serve - Total - NIP\",\"SortOrder\":255},{\"Id\":764,\"Name\":\"Fat Total Quantity Per 100g - Total - NIP\",\"Value\":\"2.0g\",\"Description\":\"Fat Total Quantity Per 100g - Total - NIP\",\"SortOrder\":263},{\"Id\":166,\"Name\":\"Fat Total Quantity Per 100g - ValueWord - NIP\",\"Value\":\"2.0\",\"Description\":\"Fat Total Quantity Per 100g - ValueWord - NIP\",\"SortOrder\":264},{\"Id\":264,\"Name\":\"Fat Total Quantity Per Serve - Total - NIP\",\"Value\":\"1.3g\",\"Description\":\"Fat Total Quantity Per Serve - Total - NIP\",\"SortOrder\":267},{\"Id\":402,\"Name\":\"Monounsaturated Quantity Per 100g - Total - NIP\",\"Value\":\"0.85g\",\"Description\":\"Monounsaturated Quantity Per 100g - Total - NIP\",\"SortOrder\":479},{\"Id\":434,\"Name\":\"Polyunsaturated Quantity Per 100g - Total - NIP\",\"Value\":\"0.64g\",\"Description\":\"Polyunsaturated Quantity Per 100g - Total - NIP\",\"SortOrder\":563},{\"Id\":443,\"Name\":\"Potassium Quantity Per 100g - Total - NIP\",\"Value\":\"130mg\",\"Description\":\"Potassium Quantity Per 100g - Total - NIP\",\"SortOrder\":575},{\"Id\":878,\"Name\":\"Protein Quantity Per 100g - Total - NIP\",\"Value\":\"8.1g\",\"Description\":\"Protein Quantity Per 100g - Total - NIP\",\"SortOrder\":587},{\"Id\":882,\"Name\":\"Protein Quantity Per Serve - Total - NIP\",\"Value\":\"5.4g\",\"Description\":\"Protein Quantity Per Serve - Total - NIP\",\"SortOrder\":591},{\"Id\":477,\"Name\":\"Serving Size - Total - NIP\",\"Value\":\"67g (1 Muffin)\",\"Description\":\"Serving Size - Total - NIP\",\"SortOrder\":607},{\"Id\":544,\"Name\":\"Servings Per Pack - Total - NIP\",\"Value\":\"6\",\"Description\":\"Servings Per Pack - Total - NIP\",\"SortOrder\":611},{\"Id\":491,\"Name\":\"Sodium Quantity Per 100g - Total - NIP\",\"Value\":\"244mg\",\"Description\":\"Sodium Quantity Per 100g - Total - NIP\",\"SortOrder\":623},{\"Id\":495,\"Name\":\"Sodium Quantity Per Serve - Total - NIP\",\"Value\":\"163mg\",\"Description\":\"Sodium Quantity Per Serve - Total - NIP\",\"SortOrder\":627},{\"Id\":907,\"Name\":\"Sugars Quantity Per 100g - Prefix - NIP\",\"Value\":null,\"Description\":\"Sugars Quantity Per 100g - Prefix - NIP\",\"SortOrder\":645},{\"Id\":908,\"Name\":\"Sugars Quantity Per 100g - SuffixUnits - NIP\",\"Value\":\"g\",\"Description\":\"Sugars Quantity Per 100g - SuffixUnits - NIP\",\"SortOrder\":646},{\"Id\":909,\"Name\":\"Sugars Quantity Per 100g - Total - NIP\",\"Value\":\"1.6g\",\"Description\":\"Sugars Quantity Per 100g - Total - NIP\",\"SortOrder\":647},{\"Id\":910,\"Name\":\"Sugars Quantity Per 100g - ValueWord - NIP\",\"Value\":\"1.6\",\"Description\":\"Sugars Quantity Per 100g - ValueWord - NIP\",\"SortOrder\":648},{\"Id\":504,\"Name\":\"Sugars Quantity Per Serve - Prefix - NIP\",\"Value\":null,\"Description\":\"Sugars Quantity Per Serve - Prefix - NIP\",\"SortOrder\":649},{\"Id\":911,\"Name\":\"Sugars Quantity Per Serve - SuffixUnits - NIP\",\"Value\":\"g\",\"Description\":\"Sugars Quantity Per Serve - SuffixUnits - NIP\",\"SortOrder\":650},{\"Id\":912,\"Name\":\"Sugars Quantity Per Serve - Total - NIP\",\"Value\":\"1.1g\",\"Description\":\"Sugars Quantity Per Serve - Total - NIP\",\"SortOrder\":651},{\"Id\":572,\"Name\":\"Sugars Quantity Per Serve - ValueWord - NIP\",\"Value\":\"1.1\",\"Description\":\"Sugars Quantity Per Serve - ValueWord - NIP\",\"SortOrder\":652},{\"Id\":593,\"Name\":\"Trans Quantity Per 100g - Total - NIP\",\"Value\":\"20.56mg\",\"Description\":\"Trans Quantity Per 100g - Total - NIP\",\"SortOrder\":667}]}",
                  "ovencook": "False",
                  "vegetarian": "False",
                  "hypo-allergenic": null,
                  "timer": null,
                  "dermatologistrecommended": null,
                  "sapdepartmentno": "47",
                  "allergencontains": "Cereals, Gluten, Soy",
                  "waterresistant": null,
                  "friendlydisclaimer": null,
                  "recyclableinformation": null,
                  "usageinstructions": null,
                  "freezable": "False"
              },
              "DetailsImagePaths": [
                  "https://cdn0.woolworths.media/content/wowproductimages/large/089121.jpg"
              ],
              "Variety": "Wholemeal",
              "Rating": {
                  "ReviewCount": 0,
                  "RatingCount": 0,
                  "RatingSum": 0,
                  "OneStarCount": 0,
                  "TwoStarCount": 0,
                  "ThreeStarCount": 0,
                  "FourStarCount": 0,
                  "FiveStarCount": 0,
                  "Average": 0,
                  "OneStarPercentage": 0,
                  "TwoStarPercentage": 0,
                  "ThreeStarPercentage": 0,
                  "FourStarPercentage": 0,
                  "FiveStarPercentage": 0
              },
              "HasProductSubs": false,
              "IsSponsoredAd": false,
              "AdID": null,
              "AdIndex": null,
              "IsMarketProduct": false,
              "IsGiftable": false,
              "Vendor": null,
              "Untraceable": false,
              "ThirdPartyProductInfo": null,
              "MarketFeatures": null,
              "MarketSpecifications": null,
              "SupplyLimitSource": "ProductLimit",
              "Tags": null,
              "IsPersonalisedByPurchaseHistory": false,
              "IsFromFacetedSearch": false,
              "NextAvailabilityDate": "2024-02-22T00:00:00.0000000Z",
              "NumberOfSubstitutes": 0,
              "IsPrimaryVariant": false,
              "VariantGroupId": 0,
              "HasVariants": false,
              "VariantTitle": null,
              "IsTobacco": false
          }
      ],
      "Name": "Tip Top English Muffins Wholemeal",
      "DisplayName": "Tip Top English Muffins Wholemeal 6 Pack"
  },
  {
      "Products": [
          {
              "TileID": 0,
              "Stockcode": 201252,
              "Barcode": "0280081000001",
              "GtinFormat": 13,
              "CupPrice": 0.5,
              "InstoreCupPrice": 0.5,
              "CupMeasure": "1EA",
              "CupString": "$0.50 / 1EA",
              "InstoreCupString": "$0.50 / 1EA",
              "HasCupPrice": true,
              "InstoreHasCupPrice": true,
              "Price": 3,
              "InstorePrice": 3,
              "Name": "Woolworths Extra Soft Bread Rolls Jumbo Hamburger",
              "DisplayName": "Woolworths Extra Soft Bread Rolls Jumbo Hamburger 6 Pack",
              "UrlFriendlyName": "woolworths-extra-soft-bread-rolls-jumbo-hamburger",
              "Description": " Woolworths Extra Soft Bread<br>Rolls Jumbo... 6 Pack",
              "SmallImageFile": "https://cdn0.woolworths.media/content/wowproductimages/small/201252.jpg",
              "MediumImageFile": "https://cdn0.woolworths.media/content/wowproductimages/medium/201252.jpg",
              "LargeImageFile": "https://cdn0.woolworths.media/content/wowproductimages/large/201252.jpg",
              "IsNew": false,
              "IsHalfPrice": false,
              "IsOnlineOnly": false,
              "IsOnSpecial": false,
              "InstoreIsOnSpecial": false,
              "IsEdrSpecial": false,
              "SavingsAmount": 0,
              "InstoreSavingsAmount": 0,
              "WasPrice": 3,
              "InstoreWasPrice": 3,
              "QuantityInTrolley": 0,
              "Unit": "Each",
              "MinimumQuantity": 1,
              "HasBeenBoughtBefore": false,
              "IsInTrolley": false,
              "Source": "Aisle.Bakery",
              "SupplyLimit": 36,
              "ProductLimit": 36,
              "MaxSupplyLimitMessage": "36 item limit",
              "IsRanged": true,
              "IsInStock": true,
              "PackageSize": "6 Pack",
              "IsPmDelivery": true,
              "IsForCollection": true,
              "IsForDelivery": true,
              "IsForExpress": true,
              "ProductRestrictionMessage": "Afternoon delivery & pick up",
              "ProductWarningMessage": "Afternoon delivery & pick up",
              "CentreTag": {
                  "TagContent": null,
                  "TagLink": null,
                  "FallbackText": null,
                  "TagType": "None",
                  "MultibuyData": null,
                  "MemberPriceData": null,
                  "TagContentText": null,
                  "DualImageTagContent": null,
                  "PromotionType": "NOT_SET",
                  "IsRegisteredRewardCardPromotion": false
              },
              "IsCentreTag": false,
              "ImageTag": {
                  "TagContent": null,
                  "TagLink": null,
                  "FallbackText": "",
                  "TagType": "None",
                  "MultibuyData": null,
                  "MemberPriceData": null,
                  "TagContentText": null,
                  "DualImageTagContent": null,
                  "PromotionType": "NOT_SET",
                  "IsRegisteredRewardCardPromotion": false
              },
              "HeaderTag": {
                  "BackgroundColor": "#c20016",
                  "BorderColor": "#c20016",
                  "TextColor": "#fff",
                  "Content": "LOW PRICE",
                  "TagLink": null,
                  "Promotion": "LowPrice"
              },
              "HasHeaderTag": true,
              "UnitWeightInGrams": 0,
              "SupplyLimitMessage": "'Woolworths Extra Soft Bread Rolls Jumbo Hamburger' has a supply limit of 36. The quantity in your cart has been reduced accordingly. To purchase a larger quantity, please contact us on 1800 000 610. Please note we do not supply trade orders.",
              "SmallFormatDescription": "Woolworths Extra Soft Bread Rolls Jumbo Hamburger",
              "FullDescription": "Woolworths Extra Soft Bread Rolls Jumbo Hamburger",
              "IsAvailable": true,
              "InstoreIsAvailable": false,
              "IsPurchasable": true,
              "InstoreIsPurchasable": false,
              "AgeRestricted": false,
              "DisplayQuantity": 1,
              "RichDescription": null,
              "HideWasSavedPrice": false,
              "SapCategories": null,
              "Brand": "Woolworths",
              "IsRestrictedByDeliveryMethod": false,
              "FooterTag": {
                  "TagContent": "Lower Price Always",
                  "TagLink": null,
                  "FallbackText": null,
                  "TagType": "Html",
                  "MultibuyData": null,
                  "MemberPriceData": null,
                  "TagContentText": null,
                  "DualImageTagContent": null,
                  "PromotionType": "NOT_SET",
                  "IsRegisteredRewardCardPromotion": false
              },
              "IsFooterEnabled": true,
              "Diagnostics": "103",
              "IsBundle": false,
              "IsInFamily": false,
              "ChildProducts": null,
              "UrlOverride": null,
              "AdditionalAttributes": {
                  "boxedcontents": null,
                  "addedvitaminsandminerals": "False",
                  "sapdepartmentname": "BAKEHOUSE",
                  "spf": null,
                  "haircolour": null,
                  "lifestyleanddietarystatement": "Low Fat",
                  "sapcategoryname": "INSTORE BAKERY",
                  "skintype": null,
                  "importantinformation": null,
                  "allergystatement": "Fish Free",
                  "productdepthmm": null,
                  "skincondition": null,
                  "ophthalmologistapproved": null,
                  "healthstarrating": "4",
                  "hairtype": null,
                  "fragrance-free": null,
                  "sapsegmentname": "WHITE ROLL",
                  "suitablefor": null,
                  "PiesProductDepartmentsjson": "[{\"Id\":\"1_9E92C35\",\"Description\":\"Lunch Box\"},{\"Id\":\"1_DEB537E\",\"Description\":\"Bakery\"}]",
                  "piessubcategorynamesjson": "[\"Bread & Wraps\",\"Bread Rolls\",\"Bread\"]",
                  "sapsegmentno": "2",
                  "productwidthmm": null,
                  "contains": null,
                  "sapsubcategoryname": "ISB BREAD ROLL",
                  "dermatologisttested": null,
                  "wool_productpackaging": null,
                  "dermatologicallyapproved": null,
                  "specialsgroupid": null,
                  "productimages": "201252.jpg",
                  "productheightmm": null,
                  "r&r_hidereviews": null,
                  "microwavesafe": "False",
                  "paba-free": null,
                  "lifestyleclaim": null,
                  "alcoholfree": null,
                  "tgawarning": null,
                  "activeconstituents": null,
                  "microwaveable": "False",
                  "soap-free": null,
                  "countryoforigin": null,
                  "isexcludedfromsubstitution": "False",
                  "productimagecount": "1",
                  "r&r_loggedinreviews": null,
                  "anti-dandruff": null,
                  "servingsize-total-nip": null,
                  "tgahealthwarninglink": null,
                  "allergenmaybepresent": "MAY CONTAIN:EGG,LUPIN,MILK,SOY,PEANUTS,TREE NUTS",
                  "PiesProductDepartmentNodeId": "1_9E92C35",
                  "parabenfree": "False",
                  "vendorarticleid": null,
                  "containsgluten": "False",
                  "containsnuts": "False",
                  "ingredients": "Wheat Flour (Vitamins (Thiamin, Folic Acid)), Water, Yeast, Topping (Plain or Sesame Seeds or Poppy Seeds), Vegetable Oils (Palm, Canola), Iodised Salt, Yellow Pea Flour, Wheat Gluten, Fermented Wheat Flour, Processing Aid (Wheat).",
                  "colour": null,
                  "manufacturer": null,
                  "sapcategoryno": "56",
                  "storageinstructions": null,
                  "tgawarnings": null,
                  "piesdepartmentnamesjson": "[\"Lunch Box\",\"Bakery\"]",
                  "brand": "woolworths",
                  "oilfree": null,
                  "fragrance": null,
                  "antibacterial": "False",
                  "non-comedogenic": null,
                  "antiseptic": "False",
                  "bpafree": "False",
                  "vendorcostprice": null,
                  "description": "<p></p>",
                  "sweatresistant": null,
                  "sapsubcategoryno": "973",
                  "antioxidant": "False",
                  "claims": null,
                  "phbalanced": null,
                  "wool_dietaryclaim": null,
                  "ophthalmologisttested": null,
                  "sulfatefree": "False",
                  "servingsperpack-total-nip": null,
                  "piescategorynamesjson": "[\"Lunch\",\"In-Store Bakery\"]",
                  "nutritionalinformation": "{\"Name\":\"Nutritional Information\",\"Attributes\":[{\"Id\":702,\"Name\":\"Calcium Quantity Per 100g - Total - NIP\",\"Value\":\"113mg\",\"Description\":\"Calcium Quantity Per 100g - Total - NIP\",\"SortOrder\":71},{\"Id\":705,\"Name\":\"Carbohydrate Quantity Per 100g - Total - NIP\",\"Value\":\"49.00g\",\"Description\":\"Carbohydrate Quantity Per 100g - Total - NIP\",\"SortOrder\":83},{\"Id\":706,\"Name\":\"Carbohydrate Quantity Per Serve - Total - NIP\",\"Value\":\"44.10g\",\"Description\":\"Carbohydrate Quantity Per Serve - Total - NIP\",\"SortOrder\":87},{\"Id\":191,\"Name\":\"Dietary Fibre Quantity Per 100g - Total - NIP\",\"Value\":\"2.40g\",\"Description\":\"Dietary Fibre Quantity Per 100g - Total - NIP\",\"SortOrder\":175},{\"Id\":120,\"Name\":\"Dietary Fibre Quantity Per Serve - Total - NIP\",\"Value\":\"2.20g\",\"Description\":\"Dietary Fibre Quantity Per Serve - Total - NIP\",\"SortOrder\":179},{\"Id\":759,\"Name\":\"Energy kJ Quantity Per 100g - Total - NIP\",\"Value\":\"1080.00kJ\",\"Description\":\"Energy kJ Quantity Per 100g - Total - NIP\",\"SortOrder\":239},{\"Id\":760,\"Name\":\"Energy kJ Quantity Per Serve - Total - NIP\",\"Value\":\"972.00kJ\",\"Description\":\"Energy kJ Quantity Per Serve - Total - NIP\",\"SortOrder\":243},{\"Id\":253,\"Name\":\"Fat Saturated Quantity Per 100g - Total - NIP\",\"Value\":\"0.80g\",\"Description\":\"Fat Saturated Quantity Per 100g - Total - NIP\",\"SortOrder\":251},{\"Id\":258,\"Name\":\"Fat Saturated Quantity Per Serve - Total - NIP\",\"Value\":\"0.70g\",\"Description\":\"Fat Saturated Quantity Per Serve - Total - NIP\",\"SortOrder\":255},{\"Id\":764,\"Name\":\"Fat Total Quantity Per 100g - Total - NIP\",\"Value\":\"2.40g\",\"Description\":\"Fat Total Quantity Per 100g - Total - NIP\",\"SortOrder\":263},{\"Id\":166,\"Name\":\"Fat Total Quantity Per 100g - ValueWord - NIP\",\"Value\":\"2.40\",\"Description\":\"Fat Total Quantity Per 100g - ValueWord - NIP\",\"SortOrder\":264},{\"Id\":264,\"Name\":\"Fat Total Quantity Per Serve - Total - NIP\",\"Value\":\"2.20g\",\"Description\":\"Fat Total Quantity Per Serve - Total - NIP\",\"SortOrder\":267},{\"Id\":402,\"Name\":\"Monounsaturated Quantity Per 100g - Total - NIP\",\"Value\":\"0.85g\",\"Description\":\"Monounsaturated Quantity Per 100g - Total - NIP\",\"SortOrder\":479},{\"Id\":434,\"Name\":\"Polyunsaturated Quantity Per 100g - Total - NIP\",\"Value\":\"1.35g\",\"Description\":\"Polyunsaturated Quantity Per 100g - Total - NIP\",\"SortOrder\":563},{\"Id\":443,\"Name\":\"Potassium Quantity Per 100g - Total - NIP\",\"Value\":\"140mg\",\"Description\":\"Potassium Quantity Per 100g - Total - NIP\",\"SortOrder\":575},{\"Id\":878,\"Name\":\"Protein Quantity Per 100g - Total - NIP\",\"Value\":\"8.20g\",\"Description\":\"Protein Quantity Per 100g - Total - NIP\",\"SortOrder\":587},{\"Id\":882,\"Name\":\"Protein Quantity Per Serve - Total - NIP\",\"Value\":\"7.40g\",\"Description\":\"Protein Quantity Per Serve - Total - NIP\",\"SortOrder\":591},{\"Id\":477,\"Name\":\"Serving Size - Total - NIP\",\"Value\":\"90g\",\"Description\":\"Serving Size - Total - NIP\",\"SortOrder\":607},{\"Id\":544,\"Name\":\"Servings Per Pack - Total - NIP\",\"Value\":\"6\",\"Description\":\"Servings Per Pack - Total - NIP\",\"SortOrder\":611},{\"Id\":491,\"Name\":\"Sodium Quantity Per 100g - Total - NIP\",\"Value\":\"363.00mg\",\"Description\":\"Sodium Quantity Per 100g - Total - NIP\",\"SortOrder\":623},{\"Id\":495,\"Name\":\"Sodium Quantity Per Serve - Total - NIP\",\"Value\":\"327.00mg\",\"Description\":\"Sodium Quantity Per Serve - Total - NIP\",\"SortOrder\":627},{\"Id\":907,\"Name\":\"Sugars Quantity Per 100g - Prefix - NIP\",\"Value\":null,\"Description\":\"Sugars Quantity Per 100g - Prefix - NIP\",\"SortOrder\":645},{\"Id\":908,\"Name\":\"Sugars Quantity Per 100g - SuffixUnits - NIP\",\"Value\":\"g\",\"Description\":\"Sugars Quantity Per 100g - SuffixUnits - NIP\",\"SortOrder\":646},{\"Id\":909,\"Name\":\"Sugars Quantity Per 100g - Total - NIP\",\"Value\":\"1.00g\",\"Description\":\"Sugars Quantity Per 100g - Total - NIP\",\"SortOrder\":647},{\"Id\":910,\"Name\":\"Sugars Quantity Per 100g - ValueWord - NIP\",\"Value\":\"1.00\",\"Description\":\"Sugars Quantity Per 100g - ValueWord - NIP\",\"SortOrder\":648},{\"Id\":504,\"Name\":\"Sugars Quantity Per Serve - Prefix - NIP\",\"Value\":null,\"Description\":\"Sugars Quantity Per Serve - Prefix - NIP\",\"SortOrder\":649},{\"Id\":911,\"Name\":\"Sugars Quantity Per Serve - SuffixUnits - NIP\",\"Value\":\"g\",\"Description\":\"Sugars Quantity Per Serve - SuffixUnits - NIP\",\"SortOrder\":650},{\"Id\":912,\"Name\":\"Sugars Quantity Per Serve - Total - NIP\",\"Value\":\"0.90g\",\"Description\":\"Sugars Quantity Per Serve - Total - NIP\",\"SortOrder\":651},{\"Id\":572,\"Name\":\"Sugars Quantity Per Serve - ValueWord - NIP\",\"Value\":\"0.90\",\"Description\":\"Sugars Quantity Per Serve - ValueWord - NIP\",\"SortOrder\":652},{\"Id\":593,\"Name\":\"Trans Quantity Per 100g - Total - NIP\",\"Value\":\"29.24mg\",\"Description\":\"Trans Quantity Per 100g - Total - NIP\",\"SortOrder\":667}]}",
                  "ovencook": "False",
                  "vegetarian": "False",
                  "hypo-allergenic": null,
                  "timer": null,
                  "dermatologistrecommended": null,
                  "sapdepartmentno": "45",
                  "allergencontains": "CONTAINS:GLUTEN,WHEAT,SESAME",
                  "waterresistant": null,
                  "friendlydisclaimer": null,
                  "recyclableinformation": null,
                  "usageinstructions": null,
                  "freezable": "False"
              },
              "DetailsImagePaths": [
                  "https://cdn0.woolworths.media/content/wowproductimages/large/201252.jpg"
              ],
              "Variety": "Jumbo Hamburger",
              "Rating": {
                  "ReviewCount": 0,
                  "RatingCount": 0,
                  "RatingSum": 0,
                  "OneStarCount": 0,
                  "TwoStarCount": 0,
                  "ThreeStarCount": 0,
                  "FourStarCount": 0,
                  "FiveStarCount": 0,
                  "Average": 0,
                  "OneStarPercentage": 0,
                  "TwoStarPercentage": 0,
                  "ThreeStarPercentage": 0,
                  "FourStarPercentage": 0,
                  "FiveStarPercentage": 0
              },
              "HasProductSubs": false,
              "IsSponsoredAd": false,
              "AdID": null,
              "AdIndex": null,
              "IsMarketProduct": false,
              "IsGiftable": false,
              "Vendor": null,
              "Untraceable": false,
              "ThirdPartyProductInfo": null,
              "MarketFeatures": null,
              "MarketSpecifications": null,
              "SupplyLimitSource": "ProductLimit",
              "Tags": [
                  {
                      "Content": {
                          "Type": "Label",
                          "Position": "Top",
                          "Attributes": {
                              "Text": "LOW PRICE",
                              "Promotion": "LowPrice",
                              "BackgroundColor": "#c20016",
                              "BorderColor": "#c20016",
                              "TextColor": "#fff"
                          }
                      },
                      "TemplateId": null,
                      "Metadata": null
                  }
              ],
              "IsPersonalisedByPurchaseHistory": false,
              "IsFromFacetedSearch": false,
              "NextAvailabilityDate": "2024-02-22T00:00:00.0000000Z",
              "NumberOfSubstitutes": 0,
              "IsPrimaryVariant": false,
              "VariantGroupId": 0,
              "HasVariants": false,
              "VariantTitle": null,
              "IsTobacco": false
          }
      ],
      "Name": "Woolworths Extra Soft Bread Rolls Jumbo Hamburger",
      "DisplayName": "Woolworths Extra Soft Bread Rolls Jumbo Hamburger 6 Pack"
  },
  {
      "Products": [
          {
              "TileID": 0,
              "Stockcode": 31560,
              "Barcode": "9310043003076",
              "GtinFormat": 13,
              "CupPrice": 0.37,
              "InstoreCupPrice": 0.73,
              "CupMeasure": "1EA",
              "CupString": "$0.37 / 1EA",
              "InstoreCupString": "$0.73 / 1EA",
              "HasCupPrice": true,
              "InstoreHasCupPrice": true,
              "Price": 2.2,
              "InstorePrice": 2.2,
              "Name": "Golden Crumpets Round Wholemeal",
              "DisplayName": "Golden Crumpets Round Wholemeal 6 Pack",
              "UrlFriendlyName": "golden-crumpets-round-wholemeal",
              "Description": " Golden Crumpets Round<br>Wholemeal 6 Pack",
              "SmallImageFile": "https://cdn0.woolworths.media/content/wowproductimages/small/031560.jpg",
              "MediumImageFile": "https://cdn0.woolworths.media/content/wowproductimages/medium/031560.jpg",
              "LargeImageFile": "https://cdn0.woolworths.media/content/wowproductimages/large/031560.jpg",
              "IsNew": false,
              "IsHalfPrice": true,
              "IsOnlineOnly": false,
              "IsOnSpecial": true,
              "InstoreIsOnSpecial": false,
              "IsEdrSpecial": false,
              "SavingsAmount": 2.2,
              "InstoreSavingsAmount": 2.2,
              "WasPrice": 4.4,
              "InstoreWasPrice": 4.4,
              "QuantityInTrolley": 0,
              "Unit": "Each",
              "MinimumQuantity": 1,
              "HasBeenBoughtBefore": false,
              "IsInTrolley": false,
              "Source": "Aisle.Bakery",
              "SupplyLimit": 5,
              "ProductLimit": 5,
              "MaxSupplyLimitMessage": "5 item limit",
              "IsRanged": true,
              "IsInStock": true,
              "PackageSize": "6 Pack",
              "IsPmDelivery": false,
              "IsForCollection": true,
              "IsForDelivery": true,
              "IsForExpress": true,
              "ProductRestrictionMessage": null,
              "ProductWarningMessage": null,
              "CentreTag": {
                  "TagContent": null,
                  "TagLink": null,
                  "FallbackText": null,
                  "TagType": "None",
                  "MultibuyData": null,
                  "MemberPriceData": null,
                  "TagContentText": null,
                  "DualImageTagContent": null,
                  "PromotionType": "NOT_SET",
                  "IsRegisteredRewardCardPromotion": false
              },
              "IsCentreTag": false,
              "ImageTag": {
                  "TagContent": "/content/promotiontags/roundel-half-price-200x200.png",
                  "TagLink": "",
                  "FallbackText": "Half Price",
                  "TagType": "None",
                  "MultibuyData": null,
                  "MemberPriceData": null,
                  "TagContentText": null,
                  "DualImageTagContent": null,
                  "PromotionType": "NOT_SET",
                  "IsRegisteredRewardCardPromotion": false
              },
              "HeaderTag": {
                  "BackgroundColor": "#fd0",
                  "BorderColor": "#fd0",
                  "TextColor": "#000",
                  "Content": "Save $2.20",
                  "TagLink": null,
                  "Promotion": "Special"
              },
              "HasHeaderTag": true,
              "UnitWeightInGrams": 0,
              "SupplyLimitMessage": "'Golden Crumpets Round Wholemeal' has a supply limit of 5. The quantity in your cart has been reduced accordingly. To purchase a larger quantity, please contact us on 1800 000 610. Please note we do not supply trade orders.",
              "SmallFormatDescription": "Golden Crumpets Round Wholemeal",
              "FullDescription": "Golden Crumpets Round Wholemeal",
              "IsAvailable": true,
              "InstoreIsAvailable": false,
              "IsPurchasable": true,
              "InstoreIsPurchasable": false,
              "AgeRestricted": false,
              "DisplayQuantity": 1,
              "RichDescription": null,
              "HideWasSavedPrice": false,
              "SapCategories": null,
              "Brand": "Golden",
              "IsRestrictedByDeliveryMethod": false,
              "FooterTag": {
                  "TagContent": null,
                  "TagLink": null,
                  "FallbackText": null,
                  "TagType": "None",
                  "MultibuyData": null,
                  "MemberPriceData": null,
                  "TagContentText": null,
                  "DualImageTagContent": null,
                  "PromotionType": "NOT_SET",
                  "IsRegisteredRewardCardPromotion": false
              },
              "IsFooterEnabled": false,
              "Diagnostics": "104",
              "IsBundle": false,
              "IsInFamily": false,
              "ChildProducts": null,
              "UrlOverride": null,
              "AdditionalAttributes": {
                  "boxedcontents": null,
                  "addedvitaminsandminerals": "False",
                  "sapdepartmentname": "PROPRIETARY BAKERY",
                  "spf": null,
                  "haircolour": null,
                  "lifestyleanddietarystatement": "Low Sugar",
                  "sapcategoryname": "PROPRIETARY BAKERY",
                  "skintype": null,
                  "importantinformation": null,
                  "allergystatement": "Fish Free",
                  "productdepthmm": null,
                  "skincondition": null,
                  "ophthalmologistapproved": null,
                  "healthstarrating": "3.5",
                  "hairtype": null,
                  "fragrance-free": null,
                  "sapsegmentname": "CRUMPETS",
                  "suitablefor": "Suitable for Vegans and Vegetarians",
                  "PiesProductDepartmentsjson": "[{\"Id\":\"1_DEB537E\",\"Description\":\"Bakery\"}]",
                  "piessubcategorynamesjson": "[\"Crumpets & Pancakes\"]",
                  "sapsegmentno": "2",
                  "productwidthmm": null,
                  "contains": null,
                  "sapsubcategoryname": "RESALE BAKERY SNACKS",
                  "dermatologisttested": null,
                  "wool_productpackaging": null,
                  "dermatologicallyapproved": null,
                  "specialsgroupid": null,
                  "productimages": "31560.jpg",
                  "productheightmm": null,
                  "r&r_hidereviews": null,
                  "microwavesafe": "False",
                  "paba-free": null,
                  "lifestyleclaim": "Halal",
                  "alcoholfree": null,
                  "tgawarning": null,
                  "activeconstituents": null,
                  "microwaveable": "False",
                  "soap-free": null,
                  "countryoforigin": null,
                  "isexcludedfromsubstitution": "False",
                  "productimagecount": "1",
                  "r&r_loggedinreviews": null,
                  "anti-dandruff": null,
                  "servingsize-total-nip": null,
                  "tgahealthwarninglink": null,
                  "allergenmaybepresent": null,
                  "PiesProductDepartmentNodeId": "1_DEB537E",
                  "parabenfree": "False",
                  "vendorarticleid": null,
                  "containsgluten": "False",
                  "containsnuts": "False",
                  "ingredients": "Wholegrain Wholemeal Wheat Flour (35%), Water, Wheat Flour, Raising Agents (450, 500), Iodised Salt, Preservatives (282, 234), Dextrose, Vitamins (Thiamin, Folic Acid).",
                  "colour": null,
                  "manufacturer": null,
                  "sapcategoryno": "60",
                  "storageinstructions": "Keep refrigerated once opened.",
                  "tgawarnings": null,
                  "piesdepartmentnamesjson": "[\"Bakery\"]",
                  "brand": "golden",
                  "oilfree": null,
                  "fragrance": null,
                  "antibacterial": "False",
                  "non-comedogenic": null,
                  "antiseptic": "False",
                  "bpafree": "False",
                  "vendorcostprice": null,
                  "description": "At Golden we made these products for you to enjoy.<br><br>THIS PRODUCT IS DESIGNED TO BE TOASTED. Pop in the toaster or under the grill. Then spread with butter or honey, or topping of your choice. Never a boring bite!<br><br>13 of your Daily Target of Whole Grains<br><br>Low in Sugar<br><br>Freezer Friendly<br><br>No Artificial Colours or Flavours<br><br>3.5 HSR<br><br>Made in Australia from at least 97% Australian Ingredients.",
                  "sweatresistant": null,
                  "sapsubcategoryno": "949",
                  "antioxidant": "False",
                  "claims": null,
                  "phbalanced": null,
                  "wool_dietaryclaim": null,
                  "ophthalmologisttested": null,
                  "sulfatefree": "False",
                  "servingsperpack-total-nip": null,
                  "piescategorynamesjson": "[\"Packaged Bread & Bakery\"]",
                  "nutritionalinformation": "{\"Name\":\"Nutritional Information\",\"Attributes\":[{\"Id\":702,\"Name\":\"Calcium Quantity Per 100g - Total - NIP\",\"Value\":\"81mg\",\"Description\":\"Calcium Quantity Per 100g - Total - NIP\",\"SortOrder\":71},{\"Id\":47,\"Name\":\"Calcium Quantity Per Serve - Total - NIP\",\"Value\":\"40.5mg\",\"Description\":\"Calcium Quantity Per Serve - Total - NIP\",\"SortOrder\":75},{\"Id\":705,\"Name\":\"Carbohydrate Quantity Per 100g - Total - NIP\",\"Value\":\"35.70g\",\"Description\":\"Carbohydrate Quantity Per 100g - Total - NIP\",\"SortOrder\":83},{\"Id\":706,\"Name\":\"Carbohydrate Quantity Per Serve - Total - NIP\",\"Value\":\"17.80g\",\"Description\":\"Carbohydrate Quantity Per Serve - Total - NIP\",\"SortOrder\":87},{\"Id\":191,\"Name\":\"Dietary Fibre Quantity Per 100g - Total - NIP\",\"Value\":\"3.30g\",\"Description\":\"Dietary Fibre Quantity Per 100g - Total - NIP\",\"SortOrder\":175},{\"Id\":120,\"Name\":\"Dietary Fibre Quantity Per Serve - Total - NIP\",\"Value\":\"1.60g\",\"Description\":\"Dietary Fibre Quantity Per Serve - Total - NIP\",\"SortOrder\":179},{\"Id\":759,\"Name\":\"Energy kJ Quantity Per 100g - Total - NIP\",\"Value\":\"775.00kJ\",\"Description\":\"Energy kJ Quantity Per 100g - Total - NIP\",\"SortOrder\":239},{\"Id\":760,\"Name\":\"Energy kJ Quantity Per Serve - Total - NIP\",\"Value\":\"388.00kJ\",\"Description\":\"Energy kJ Quantity Per Serve - Total - NIP\",\"SortOrder\":243},{\"Id\":253,\"Name\":\"Fat Saturated Quantity Per 100g - Total - NIP\",\"Value\":\"0.10g\",\"Description\":\"Fat Saturated Quantity Per 100g - Total - NIP\",\"SortOrder\":251},{\"Id\":258,\"Name\":\"Fat Saturated Quantity Per Serve - Total - NIP\",\"Value\":\"0.1g\",\"Description\":\"Fat Saturated Quantity Per Serve - Total - NIP\",\"SortOrder\":255},{\"Id\":764,\"Name\":\"Fat Total Quantity Per 100g - Total - NIP\",\"Value\":\"0.80g\",\"Description\":\"Fat Total Quantity Per 100g - Total - NIP\",\"SortOrder\":263},{\"Id\":166,\"Name\":\"Fat Total Quantity Per 100g - ValueWord - NIP\",\"Value\":\"0.80\",\"Description\":\"Fat Total Quantity Per 100g - ValueWord - NIP\",\"SortOrder\":264},{\"Id\":264,\"Name\":\"Fat Total Quantity Per Serve - Total - NIP\",\"Value\":\"0.40g\",\"Description\":\"Fat Total Quantity Per Serve - Total - NIP\",\"SortOrder\":267},{\"Id\":402,\"Name\":\"Monounsaturated Quantity Per 100g - Total - NIP\",\"Value\":\"0.09g\",\"Description\":\"Monounsaturated Quantity Per 100g - Total - NIP\",\"SortOrder\":479},{\"Id\":834,\"Name\":\"Monounsaturated Quantity Per Serve - Total - NIP\",\"Value\":\"0.05g\",\"Description\":\"Monounsaturated Quantity Per Serve - Total - NIP\",\"SortOrder\":483},{\"Id\":434,\"Name\":\"Polyunsaturated Quantity Per 100g - Total - NIP\",\"Value\":\"0.4g\",\"Description\":\"Polyunsaturated Quantity Per 100g - Total - NIP\",\"SortOrder\":563},{\"Id\":435,\"Name\":\"Polyunsaturated Quantity Per Serve - Total - NIP\",\"Value\":\"0.2g\",\"Description\":\"Polyunsaturated Quantity Per Serve - Total - NIP\",\"SortOrder\":567},{\"Id\":443,\"Name\":\"Potassium Quantity Per 100g - Total - NIP\",\"Value\":\"77mg\",\"Description\":\"Potassium Quantity Per 100g - Total - NIP\",\"SortOrder\":575},{\"Id\":493,\"Name\":\"Potassium Quantity Per Serve - Total - NIP\",\"Value\":\"38.5mg\",\"Description\":\"Potassium Quantity Per Serve - Total - NIP\",\"SortOrder\":579},{\"Id\":878,\"Name\":\"Protein Quantity Per 100g - Total - NIP\",\"Value\":\"6.50g\",\"Description\":\"Protein Quantity Per 100g - Total - NIP\",\"SortOrder\":587},{\"Id\":882,\"Name\":\"Protein Quantity Per Serve - Total - NIP\",\"Value\":\"3.20g\",\"Description\":\"Protein Quantity Per Serve - Total - NIP\",\"SortOrder\":591},{\"Id\":477,\"Name\":\"Serving Size - Total - NIP\",\"Value\":\"50g\",\"Description\":\"Serving Size - Total - NIP\",\"SortOrder\":607},{\"Id\":544,\"Name\":\"Servings Per Pack - Total - NIP\",\"Value\":\"6\",\"Description\":\"Servings Per Pack - Total - NIP\",\"SortOrder\":611},{\"Id\":491,\"Name\":\"Sodium Quantity Per 100g - Total - NIP\",\"Value\":\"655.00mg\",\"Description\":\"Sodium Quantity Per 100g - Total - NIP\",\"SortOrder\":623},{\"Id\":495,\"Name\":\"Sodium Quantity Per Serve - Total - NIP\",\"Value\":\"328.00mg\",\"Description\":\"Sodium Quantity Per Serve - Total - NIP\",\"SortOrder\":627},{\"Id\":907,\"Name\":\"Sugars Quantity Per 100g - Prefix - NIP\",\"Value\":null,\"Description\":\"Sugars Quantity Per 100g - Prefix - NIP\",\"SortOrder\":645},{\"Id\":908,\"Name\":\"Sugars Quantity Per 100g - SuffixUnits - NIP\",\"Value\":\"g\",\"Description\":\"Sugars Quantity Per 100g - SuffixUnits - NIP\",\"SortOrder\":646},{\"Id\":909,\"Name\":\"Sugars Quantity Per 100g - Total - NIP\",\"Value\":\"2.10g\",\"Description\":\"Sugars Quantity Per 100g - Total - NIP\",\"SortOrder\":647},{\"Id\":910,\"Name\":\"Sugars Quantity Per 100g - ValueWord - NIP\",\"Value\":\"2.10\",\"Description\":\"Sugars Quantity Per 100g - ValueWord - NIP\",\"SortOrder\":648},{\"Id\":504,\"Name\":\"Sugars Quantity Per Serve - Prefix - NIP\",\"Value\":null,\"Description\":\"Sugars Quantity Per Serve - Prefix - NIP\",\"SortOrder\":649},{\"Id\":911,\"Name\":\"Sugars Quantity Per Serve - SuffixUnits - NIP\",\"Value\":\"g\",\"Description\":\"Sugars Quantity Per Serve - SuffixUnits - NIP\",\"SortOrder\":650},{\"Id\":912,\"Name\":\"Sugars Quantity Per Serve - Total - NIP\",\"Value\":\"1.00g\",\"Description\":\"Sugars Quantity Per Serve - Total - NIP\",\"SortOrder\":651},{\"Id\":572,\"Name\":\"Sugars Quantity Per Serve - ValueWord - NIP\",\"Value\":\"1.00\",\"Description\":\"Sugars Quantity Per Serve - ValueWord - NIP\",\"SortOrder\":652},{\"Id\":593,\"Name\":\"Trans Quantity Per 100g - Total - NIP\",\"Value\":\"6.87mg\",\"Description\":\"Trans Quantity Per 100g - Total - NIP\",\"SortOrder\":667},{\"Id\":510,\"Name\":\"Trans Quantity Per Serve - Total - NIP\",\"Value\":\"3.44mg\",\"Description\":\"Trans Quantity Per Serve - Total - NIP\",\"SortOrder\":671}]}",
                  "ovencook": "False",
                  "vegetarian": "False",
                  "hypo-allergenic": null,
                  "timer": null,
                  "dermatologistrecommended": null,
                  "sapdepartmentno": "47",
                  "allergencontains": "Cereals, Gluten",
                  "waterresistant": null,
                  "friendlydisclaimer": null,
                  "recyclableinformation": null,
                  "usageinstructions": null,
                  "freezable": "False"
              },
              "DetailsImagePaths": [
                  "https://cdn0.woolworths.media/content/wowproductimages/large/031560.jpg"
              ],
              "Variety": "Round Wholemeal",
              "Rating": {
                  "ReviewCount": 0,
                  "RatingCount": 0,
                  "RatingSum": 0,
                  "OneStarCount": 0,
                  "TwoStarCount": 0,
                  "ThreeStarCount": 0,
                  "FourStarCount": 0,
                  "FiveStarCount": 0,
                  "Average": 0,
                  "OneStarPercentage": 0,
                  "TwoStarPercentage": 0,
                  "ThreeStarPercentage": 0,
                  "FourStarPercentage": 0,
                  "FiveStarPercentage": 0
              },
              "HasProductSubs": false,
              "IsSponsoredAd": false,
              "AdID": null,
              "AdIndex": null,
              "IsMarketProduct": false,
              "IsGiftable": false,
              "Vendor": null,
              "Untraceable": false,
              "ThirdPartyProductInfo": null,
              "MarketFeatures": null,
              "MarketSpecifications": null,
              "SupplyLimitSource": "ProductLimit",
              "Tags": [
                  {
                      "Content": {
                          "Type": "Label",
                          "Position": "Top",
                          "Attributes": {
                              "Text": "Save $2.20",
                              "Promotion": "Special",
                              "BackgroundColor": "#fd0",
                              "BorderColor": "#fd0",
                              "TextColor": "#000"
                          }
                      },
                      "TemplateId": null,
                      "Metadata": null
                  },
                  {
                      "Content": {
                          "Type": "Roundel",
                          "Position": "Top",
                          "Attributes": {
                              "ImagePath": "/content/promotiontags/roundel-half-price-200x200.png",
                              "FallbackText": "Half Price"
                          }
                      },
                      "TemplateId": null,
                      "Metadata": null
                  }
              ],
              "IsPersonalisedByPurchaseHistory": false,
              "IsFromFacetedSearch": false,
              "NextAvailabilityDate": "2024-02-22T00:00:00.0000000Z",
              "NumberOfSubstitutes": 0,
              "IsPrimaryVariant": false,
              "VariantGroupId": 0,
              "HasVariants": false,
              "VariantTitle": null,
              "IsTobacco": false
          }
      ],
      "Name": "Golden Crumpets Round Wholemeal",
      "DisplayName": "Golden Crumpets Round Wholemeal 6 Pack"
  },
  {
      "Products": [
          {
              "TileID": 0,
              "Stockcode": 182005,
              "Barcode": "9310023145505",
              "GtinFormat": 13,
              "CupPrice": 0.69,
              "InstoreCupPrice": 0.98,
              "CupMeasure": "100G",
              "CupString": "$0.69 / 100G",
              "InstoreCupString": "$0.98 / 100G",
              "HasCupPrice": true,
              "InstoreHasCupPrice": true,
              "Price": 3.5,
              "InstorePrice": 3.5,
              "Name": "Helga's Wraps Mixed Grain",
              "DisplayName": "Helga's Wraps Mixed Grain 8 Pack",
              "UrlFriendlyName": "helga-s-wraps-mixed-grain",
              "Description": " Helga's Wraps Mixed Grain  8 Pack",
              "SmallImageFile": "https://cdn0.woolworths.media/content/wowproductimages/small/182005.jpg",
              "MediumImageFile": "https://cdn0.woolworths.media/content/wowproductimages/medium/182005.jpg",
              "LargeImageFile": "https://cdn0.woolworths.media/content/wowproductimages/large/182005.jpg",
              "IsNew": false,
              "IsHalfPrice": false,
              "IsOnlineOnly": false,
              "IsOnSpecial": true,
              "InstoreIsOnSpecial": false,
              "IsEdrSpecial": false,
              "SavingsAmount": 1.5,
              "InstoreSavingsAmount": 1.5,
              "WasPrice": 5,
              "InstoreWasPrice": 5,
              "QuantityInTrolley": 0,
              "Unit": "Each",
              "MinimumQuantity": 1,
              "HasBeenBoughtBefore": false,
              "IsInTrolley": false,
              "Source": "Aisle.Bakery",
              "SupplyLimit": 36,
              "ProductLimit": 36,
              "MaxSupplyLimitMessage": "36 item limit",
              "IsRanged": true,
              "IsInStock": true,
              "PackageSize": "8 Pack",
              "IsPmDelivery": false,
              "IsForCollection": true,
              "IsForDelivery": true,
              "IsForExpress": true,
              "ProductRestrictionMessage": null,
              "ProductWarningMessage": null,
              "CentreTag": {
                  "TagContent": null,
                  "TagLink": null,
                  "FallbackText": null,
                  "TagType": "None",
                  "MultibuyData": null,
                  "MemberPriceData": null,
                  "TagContentText": null,
                  "DualImageTagContent": null,
                  "PromotionType": "NOT_SET",
                  "IsRegisteredRewardCardPromotion": false
              },
              "IsCentreTag": false,
              "ImageTag": {
                  "TagContent": "/content/promotiontags/roundel-special-200x200.png",
                  "TagLink": "",
                  "FallbackText": "On Special",
                  "TagType": "None",
                  "MultibuyData": null,
                  "MemberPriceData": null,
                  "TagContentText": null,
                  "DualImageTagContent": null,
                  "PromotionType": "NOT_SET",
                  "IsRegisteredRewardCardPromotion": false
              },
              "HeaderTag": {
                  "BackgroundColor": "#fd0",
                  "BorderColor": "#fd0",
                  "TextColor": "#000",
                  "Content": "Save $1.50",
                  "TagLink": null,
                  "Promotion": "Special"
              },
              "HasHeaderTag": true,
              "UnitWeightInGrams": 0,
              "SupplyLimitMessage": "'Helga's Wraps Mixed Grain' has a supply limit of 36. The quantity in your cart has been reduced accordingly. To purchase a larger quantity, please contact us on 1800 000 610. Please note we do not supply trade orders.",
              "SmallFormatDescription": "Helga's Wraps Mixed Grain ",
              "FullDescription": "Helga's Wraps Mixed Grain ",
              "IsAvailable": true,
              "InstoreIsAvailable": false,
              "IsPurchasable": true,
              "InstoreIsPurchasable": false,
              "AgeRestricted": false,
              "DisplayQuantity": 1,
              "RichDescription": null,
              "HideWasSavedPrice": false,
              "SapCategories": null,
              "Brand": "Helga's",
              "IsRestrictedByDeliveryMethod": false,
              "FooterTag": {
                  "TagContent": null,
                  "TagLink": null,
                  "FallbackText": null,
                  "TagType": "None",
                  "MultibuyData": null,
                  "MemberPriceData": null,
                  "TagContentText": null,
                  "DualImageTagContent": null,
                  "PromotionType": "NOT_SET",
                  "IsRegisteredRewardCardPromotion": false
              },
              "IsFooterEnabled": false,
              "Diagnostics": "105",
              "IsBundle": false,
              "IsInFamily": false,
              "ChildProducts": null,
              "UrlOverride": null,
              "AdditionalAttributes": {
                  "boxedcontents": null,
                  "addedvitaminsandminerals": "False",
                  "sapdepartmentname": "PROPRIETARY BAKERY",
                  "spf": null,
                  "haircolour": null,
                  "lifestyleanddietarystatement": "Low Sugar",
                  "sapcategoryname": "PROPRIETARY BAKERY",
                  "skintype": null,
                  "importantinformation": null,
                  "allergystatement": "No Artificial Colours or Flavours",
                  "productdepthmm": null,
                  "skincondition": null,
                  "ophthalmologistapproved": null,
                  "healthstarrating": "3.5",
                  "hairtype": null,
                  "fragrance-free": null,
                  "sapsegmentname": "WRAPS",
                  "suitablefor": "Vegans",
                  "PiesProductDepartmentsjson": "[{\"Id\":\"1_DEB537E\",\"Description\":\"Bakery\"},{\"Id\":\"1_9E92C35\",\"Description\":\"Lunch Box\"}]",
                  "piessubcategorynamesjson": "[\"Wraps & Flatbread\",\"Bread & Wraps\"]",
                  "sapsegmentno": "1",
                  "productwidthmm": null,
                  "contains": null,
                  "sapsubcategoryname": "RESALE INTERNATIONAL BREAD",
                  "dermatologisttested": null,
                  "wool_productpackaging": null,
                  "dermatologicallyapproved": null,
                  "specialsgroupid": null,
                  "productimages": "182005.jpg,182005_2.jpg,182005_9.jpg",
                  "productheightmm": null,
                  "r&r_hidereviews": null,
                  "microwavesafe": "False",
                  "paba-free": null,
                  "lifestyleclaim": "VEGAN;VEGETARIAN",
                  "alcoholfree": null,
                  "tgawarning": null,
                  "activeconstituents": null,
                  "microwaveable": "False",
                  "soap-free": null,
                  "countryoforigin": null,
                  "isexcludedfromsubstitution": "False",
                  "productimagecount": "3",
                  "r&r_loggedinreviews": null,
                  "anti-dandruff": null,
                  "servingsize-total-nip": null,
                  "tgahealthwarninglink": null,
                  "allergenmaybepresent": null,
                  "PiesProductDepartmentNodeId": "1_DEB537E",
                  "parabenfree": "False",
                  "vendorarticleid": null,
                  "containsgluten": "False",
                  "containsnuts": "False",
                  "ingredients": "Wholemeal wheat flour (45%), water, wheat flour, vegetable fat, soy flour, humectant (422), mixed grains (2.5%) (kibbled wheat, kibbled corn, wheat flakes, kibbled rye, kibbled triticale), fermented wheat flour, vegetable emulsifiers (471, 481), raising agents (500, 450, 341), stabiliser (412), acidity regulator (297), wheat gluten, linseeds, iodised salt, vitamins (thiamin, folic acid).",
                  "colour": null,
                  "manufacturer": null,
                  "sapcategoryno": "60",
                  "storageinstructions": "Store in a cool dry place, out of direct sunlight.",
                  "tgawarnings": null,
                  "piesdepartmentnamesjson": "[\"Bakery\",\"Lunch Box\"]",
                  "brand": "helga's",
                  "oilfree": null,
                  "fragrance": null,
                  "antibacterial": "False",
                  "non-comedogenic": null,
                  "antiseptic": "False",
                  "bpafree": "False",
                  "vendorcostprice": null,
                  "description": "It's not just bread. It's Helga's Helga's Wraps Mixed Grain has lower sodium (25% less sodium than other leading brands compared to 540mg/100g average for 80% of the wraps market (February 2021)). Contains no artificial colours, flavours or preservatives and no added sugar. 60% of whole grain daily target intake (One serve (1 wrap) of Helga's Wholemeal Wraps contributes 60% towards the Grains & Legumes Nutrition Council 48g whole grain Daily Target Intake). Helga's bakers begin with care by selecting the best quality ingredients, those that bring out the best taste in each other. From mixing, proving, pressing and baking, we allow their true flavours to shine through in our wraps.<br /><br />- Lower in Sodium (25% less sodium than other leading brands compared to 540mg/100g average for 80% of the wraps market (February 2021)).<br />- Source of Fibre<br />- Source of Protein<br />- 60% of your whole grain, daily target intake (One serve (1 wrap) of Helga's Wholemeal Wraps contributes 60% towards the Grains & Legumes Nutrition Council 48g whole grain Daily Target Intake).<br />- Suitable for Vegans<br />- No artificial colours, flavours or preservatives<br />- No added sugar Lower sodium. No artificial colours, flavours or preservatives and no added sugar. 60% of whole grain daily target intake. Source of Fibre, Source of Protein.",
                  "sweatresistant": null,
                  "sapsubcategoryno": "810",
                  "antioxidant": "False",
                  "claims": null,
                  "phbalanced": null,
                  "wool_dietaryclaim": null,
                  "ophthalmologisttested": null,
                  "sulfatefree": "False",
                  "servingsperpack-total-nip": null,
                  "piescategorynamesjson": "[\"Packaged Bread & Bakery\",\"Lunch\"]",
                  "nutritionalinformation": "{\"Name\":\"Nutritional Information\",\"Attributes\":[{\"Id\":705,\"Name\":\"Carbohydrate Quantity Per 100g - Total - NIP\",\"Value\":\"47.50g\",\"Description\":\"Carbohydrate Quantity Per 100g - Total - NIP\",\"SortOrder\":83},{\"Id\":706,\"Name\":\"Carbohydrate Quantity Per Serve - Total - NIP\",\"Value\":\"30.20g\",\"Description\":\"Carbohydrate Quantity Per Serve - Total - NIP\",\"SortOrder\":87},{\"Id\":191,\"Name\":\"Dietary Fibre Quantity Per 100g - Total - NIP\",\"Value\":\"5.10g\",\"Description\":\"Dietary Fibre Quantity Per 100g - Total - NIP\",\"SortOrder\":175},{\"Id\":120,\"Name\":\"Dietary Fibre Quantity Per Serve - Total - NIP\",\"Value\":\"3.30g\",\"Description\":\"Dietary Fibre Quantity Per Serve - Total - NIP\",\"SortOrder\":179},{\"Id\":759,\"Name\":\"Energy kJ Quantity Per 100g - Total - NIP\",\"Value\":\"1240.00kJ\",\"Description\":\"Energy kJ Quantity Per 100g - Total - NIP\",\"SortOrder\":239},{\"Id\":760,\"Name\":\"Energy kJ Quantity Per Serve - Total - NIP\",\"Value\":\"787.00kJ\",\"Description\":\"Energy kJ Quantity Per Serve - Total - NIP\",\"SortOrder\":243},{\"Id\":253,\"Name\":\"Fat Saturated Quantity Per 100g - Total - NIP\",\"Value\":\"4.30g\",\"Description\":\"Fat Saturated Quantity Per 100g - Total - NIP\",\"SortOrder\":251},{\"Id\":258,\"Name\":\"Fat Saturated Quantity Per Serve - Total - NIP\",\"Value\":\"2.80g\",\"Description\":\"Fat Saturated Quantity Per Serve - Total - NIP\",\"SortOrder\":255},{\"Id\":764,\"Name\":\"Fat Total Quantity Per 100g - Total - NIP\",\"Value\":\"8.50g\",\"Description\":\"Fat Total Quantity Per 100g - Total - NIP\",\"SortOrder\":263},{\"Id\":166,\"Name\":\"Fat Total Quantity Per 100g - ValueWord - NIP\",\"Value\":\"8.50\",\"Description\":\"Fat Total Quantity Per 100g - ValueWord - NIP\",\"SortOrder\":264},{\"Id\":264,\"Name\":\"Fat Total Quantity Per Serve - Total - NIP\",\"Value\":\"5.40g\",\"Description\":\"Fat Total Quantity Per Serve - Total - NIP\",\"SortOrder\":267},{\"Id\":443,\"Name\":\"Potassium Quantity Per 100g - Total - NIP\",\"Value\":\"265.00mg\",\"Description\":\"Potassium Quantity Per 100g - Total - NIP\",\"SortOrder\":575},{\"Id\":493,\"Name\":\"Potassium Quantity Per Serve - Total - NIP\",\"Value\":\"169.00mg\",\"Description\":\"Potassium Quantity Per Serve - Total - NIP\",\"SortOrder\":579},{\"Id\":878,\"Name\":\"Protein Quantity Per 100g - Total - NIP\",\"Value\":\"9.10g\",\"Description\":\"Protein Quantity Per 100g - Total - NIP\",\"SortOrder\":587},{\"Id\":882,\"Name\":\"Protein Quantity Per Serve - Total - NIP\",\"Value\":\"5.80g\",\"Description\":\"Protein Quantity Per Serve - Total - NIP\",\"SortOrder\":591},{\"Id\":477,\"Name\":\"Serving Size - Total - NIP\",\"Value\":\"63.50g\",\"Description\":\"Serving Size - Total - NIP\",\"SortOrder\":607},{\"Id\":544,\"Name\":\"Servings Per Pack - Total - NIP\",\"Value\":\"8.00\",\"Description\":\"Servings Per Pack - Total - NIP\",\"SortOrder\":611},{\"Id\":491,\"Name\":\"Sodium Quantity Per 100g - Total - NIP\",\"Value\":\"400.00mg\",\"Description\":\"Sodium Quantity Per 100g - Total - NIP\",\"SortOrder\":623},{\"Id\":495,\"Name\":\"Sodium Quantity Per Serve - Total - NIP\",\"Value\":\"254.00mg\",\"Description\":\"Sodium Quantity Per Serve - Total - NIP\",\"SortOrder\":627},{\"Id\":908,\"Name\":\"Sugars Quantity Per 100g - SuffixUnits - NIP\",\"Value\":\"g\",\"Description\":\"Sugars Quantity Per 100g - SuffixUnits - NIP\",\"SortOrder\":646},{\"Id\":909,\"Name\":\"Sugars Quantity Per 100g - Total - NIP\",\"Value\":\"2.70g\",\"Description\":\"Sugars Quantity Per 100g - Total - NIP\",\"SortOrder\":647},{\"Id\":910,\"Name\":\"Sugars Quantity Per 100g - ValueWord - NIP\",\"Value\":\"2.70\",\"Description\":\"Sugars Quantity Per 100g - ValueWord - NIP\",\"SortOrder\":648},{\"Id\":911,\"Name\":\"Sugars Quantity Per Serve - SuffixUnits - NIP\",\"Value\":\"g\",\"Description\":\"Sugars Quantity Per Serve - SuffixUnits - NIP\",\"SortOrder\":650},{\"Id\":912,\"Name\":\"Sugars Quantity Per Serve - Total - NIP\",\"Value\":\"1.80g\",\"Description\":\"Sugars Quantity Per Serve - Total - NIP\",\"SortOrder\":651},{\"Id\":572,\"Name\":\"Sugars Quantity Per Serve - ValueWord - NIP\",\"Value\":\"1.80\",\"Description\":\"Sugars Quantity Per Serve - ValueWord - NIP\",\"SortOrder\":652}]}",
                  "ovencook": "False",
                  "vegetarian": "False",
                  "hypo-allergenic": null,
                  "timer": null,
                  "dermatologistrecommended": null,
                  "sapdepartmentno": "47",
                  "allergencontains": "<p>Rye, Soy, Wheat, Gluten Containing Cereals.</p>",
                  "waterresistant": null,
                  "friendlydisclaimer": null,
                  "recyclableinformation": null,
                  "usageinstructions": null,
                  "freezable": "False"
              },
              "DetailsImagePaths": [
                  "https://cdn0.woolworths.media/content/wowproductimages/large/182005.jpg"
              ],
              "Variety": null,
              "Rating": {
                  "ReviewCount": 0,
                  "RatingCount": 0,
                  "RatingSum": 0,
                  "OneStarCount": 0,
                  "TwoStarCount": 0,
                  "ThreeStarCount": 0,
                  "FourStarCount": 0,
                  "FiveStarCount": 0,
                  "Average": 0,
                  "OneStarPercentage": 0,
                  "TwoStarPercentage": 0,
                  "ThreeStarPercentage": 0,
                  "FourStarPercentage": 0,
                  "FiveStarPercentage": 0
              },
              "HasProductSubs": false,
              "IsSponsoredAd": false,
              "AdID": null,
              "AdIndex": null,
              "IsMarketProduct": false,
              "IsGiftable": false,
              "Vendor": null,
              "Untraceable": false,
              "ThirdPartyProductInfo": null,
              "MarketFeatures": null,
              "MarketSpecifications": null,
              "SupplyLimitSource": "ProductLimit",
              "Tags": [
                  {
                      "Content": {
                          "Type": "Label",
                          "Position": "Top",
                          "Attributes": {
                              "Text": "Save $1.50",
                              "Promotion": "Special",
                              "BackgroundColor": "#fd0",
                              "BorderColor": "#fd0",
                              "TextColor": "#000"
                          }
                      },
                      "TemplateId": null,
                      "Metadata": null
                  },
                  {
                      "Content": {
                          "Type": "Roundel",
                          "Position": "Top",
                          "Attributes": {
                              "ImagePath": "/content/promotiontags/roundel-special-200x200.png",
                              "FallbackText": "On Special"
                          }
                      },
                      "TemplateId": null,
                      "Metadata": null
                  }
              ],
              "IsPersonalisedByPurchaseHistory": false,
              "IsFromFacetedSearch": false,
              "NextAvailabilityDate": "2024-02-22T00:00:00.0000000Z",
              "NumberOfSubstitutes": 0,
              "IsPrimaryVariant": false,
              "VariantGroupId": 0,
              "HasVariants": false,
              "VariantTitle": null,
              "IsTobacco": false
          }
      ],
      "Name": "Helga's Wraps Mixed Grain",
      "DisplayName": "Helga's Wraps Mixed Grain 8 Pack"
  },
  {
      "Products": [
          {
              "TileID": 0,
              "Stockcode": 803943,
              "Barcode": "3587220002948",
              "GtinFormat": 13,
              "CupPrice": 1.63,
              "InstoreCupPrice": 1.63,
              "CupMeasure": "1EA",
              "CupString": "$1.63 / 1EA",
              "InstoreCupString": "$1.63 / 1EA",
              "HasCupPrice": true,
              "InstoreHasCupPrice": true,
              "Price": 6.5,
              "InstorePrice": 6.5,
              "Name": "Brioche Gourmet Burger Buns",
              "DisplayName": "Brioche Gourmet Burger Buns 4 Pack",
              "UrlFriendlyName": "brioche-gourmet-burger-buns",
              "Description": " Brioche Gourmet Burger Buns  4 Pack",
              "SmallImageFile": "https://cdn0.woolworths.media/content/wowproductimages/small/803943.jpg",
              "MediumImageFile": "https://cdn0.woolworths.media/content/wowproductimages/medium/803943.jpg",
              "LargeImageFile": "https://cdn0.woolworths.media/content/wowproductimages/large/803943.jpg",
              "IsNew": false,
              "IsHalfPrice": false,
              "IsOnlineOnly": false,
              "IsOnSpecial": false,
              "InstoreIsOnSpecial": false,
              "IsEdrSpecial": false,
              "SavingsAmount": 0,
              "InstoreSavingsAmount": 0,
              "WasPrice": 6.5,
              "InstoreWasPrice": 6.5,
              "QuantityInTrolley": 0,
              "Unit": "Each",
              "MinimumQuantity": 1,
              "HasBeenBoughtBefore": false,
              "IsInTrolley": false,
              "Source": "Aisle.Bakery",
              "SupplyLimit": 9,
              "ProductLimit": 36,
              "MaxSupplyLimitMessage": "9 item(s) left",
              "IsRanged": true,
              "IsInStock": true,
              "PackageSize": "4 Pack",
              "IsPmDelivery": true,
              "IsForCollection": true,
              "IsForDelivery": true,
              "IsForExpress": true,
              "ProductRestrictionMessage": null,
              "ProductWarningMessage": null,
              "CentreTag": {
                  "TagContent": null,
                  "TagLink": null,
                  "FallbackText": null,
                  "TagType": "None",
                  "MultibuyData": null,
                  "MemberPriceData": null,
                  "TagContentText": null,
                  "DualImageTagContent": null,
                  "PromotionType": "NOT_SET",
                  "IsRegisteredRewardCardPromotion": false
              },
              "IsCentreTag": false,
              "ImageTag": {
                  "TagContent": null,
                  "TagLink": null,
                  "FallbackText": "",
                  "TagType": "None",
                  "MultibuyData": null,
                  "MemberPriceData": null,
                  "TagContentText": null,
                  "DualImageTagContent": null,
                  "PromotionType": "NOT_SET",
                  "IsRegisteredRewardCardPromotion": false
              },
              "HeaderTag": null,
              "HasHeaderTag": false,
              "UnitWeightInGrams": 0,
              "SupplyLimitMessage": "'Brioche Gourmet Burger Buns' has a supply limit of 9. The quantity in your cart has been reduced accordingly. To purchase a larger quantity, please contact us on 1800 000 610. Please note we do not supply trade orders.",
              "SmallFormatDescription": "Brioche Gourmet Burger Buns ",
              "FullDescription": "Brioche Gourmet Burger Buns ",
              "IsAvailable": true,
              "InstoreIsAvailable": true,
              "IsPurchasable": true,
              "InstoreIsPurchasable": true,
              "AgeRestricted": false,
              "DisplayQuantity": 1,
              "RichDescription": null,
              "HideWasSavedPrice": false,
              "SapCategories": null,
              "Brand": "Brioche Gourmet",
              "IsRestrictedByDeliveryMethod": false,
              "FooterTag": {
                  "TagContent": null,
                  "TagLink": null,
                  "FallbackText": null,
                  "TagType": "None",
                  "MultibuyData": null,
                  "MemberPriceData": null,
                  "TagContentText": null,
                  "DualImageTagContent": null,
                  "PromotionType": "NOT_SET",
                  "IsRegisteredRewardCardPromotion": false
              },
              "IsFooterEnabled": true,
              "Diagnostics": "106",
              "IsBundle": false,
              "IsInFamily": false,
              "ChildProducts": null,
              "UrlOverride": null,
              "AdditionalAttributes": {
                  "boxedcontents": null,
                  "addedvitaminsandminerals": "False",
                  "sapdepartmentname": "PROPRIETARY BAKERY",
                  "spf": null,
                  "haircolour": null,
                  "lifestyleanddietarystatement": null,
                  "sapcategoryname": "PROPRIETARY BAKERY",
                  "skintype": null,
                  "importantinformation": null,
                  "allergystatement": null,
                  "productdepthmm": null,
                  "skincondition": null,
                  "ophthalmologistapproved": null,
                  "healthstarrating": null,
                  "hairtype": null,
                  "fragrance-free": null,
                  "sapsegmentname": "BRIOCHE",
                  "suitablefor": null,
                  "PiesProductDepartmentsjson": "[{\"Id\":\"1_DEB537E\",\"Description\":\"Bakery\"}]",
                  "piessubcategorynamesjson": "[\"Packaged Bread\"]",
                  "sapsegmentno": "8",
                  "productwidthmm": null,
                  "contains": null,
                  "sapsubcategoryname": "RESALE BAKERY SNACKS",
                  "dermatologisttested": null,
                  "wool_productpackaging": null,
                  "dermatologicallyapproved": null,
                  "specialsgroupid": null,
                  "productimages": "803943.jpg,803943_1.jpg,803943_2.jpg,803943_3.jpg,803943_4.jpg,803943_8.jpg",
                  "productheightmm": null,
                  "r&r_hidereviews": null,
                  "microwavesafe": "False",
                  "paba-free": null,
                  "lifestyleclaim": null,
                  "alcoholfree": null,
                  "tgawarning": null,
                  "activeconstituents": null,
                  "microwaveable": "False",
                  "soap-free": null,
                  "countryoforigin": null,
                  "isexcludedfromsubstitution": "False",
                  "productimagecount": "6",
                  "r&r_loggedinreviews": null,
                  "anti-dandruff": null,
                  "servingsize-total-nip": null,
                  "tgahealthwarninglink": null,
                  "allergenmaybepresent": null,
                  "PiesProductDepartmentNodeId": "1_DEB537E",
                  "parabenfree": "False",
                  "vendorarticleid": null,
                  "containsgluten": "False",
                  "containsnuts": "False",
                  "ingredients": null,
                  "colour": null,
                  "manufacturer": null,
                  "sapcategoryno": "60",
                  "storageinstructions": null,
                  "tgawarnings": null,
                  "piesdepartmentnamesjson": "[\"Bakery\"]",
                  "brand": "brioche gourmet",
                  "oilfree": null,
                  "fragrance": null,
                  "antibacterial": "False",
                  "non-comedogenic": null,
                  "antiseptic": "False",
                  "bpafree": "False",
                  "vendorcostprice": null,
                  "description": "<p>Brioche Gourmet Brioche Burger Buns.These light and buttery Brioche Buns are the ultimate burger buns to create the best tasting burger. All you need to do is add a burger and your favourite filling!These buns are perfect alternative to bread rolls. For a gourmet treat, fill with barbequed meat, salads or cold cuts. About Us.Our love of brioche began in 1945 in a French boulangerie, where our family began creating delicious artisanal brioche. Nestled in the countryside of western France, we passed down our family recipes, mastering the perfect brioche: a soft, fluffy, slightly sweet bread that brings joy with every bite. For four generations, we’ve been baking wholesome brioche breads in France and today, we are delighted to bring our classic French bread to households across Australia. Our original family recipes remain true, and so does our passion for our craft, which inspires every brioche we bake today.</p>",
                  "sweatresistant": null,
                  "sapsubcategoryno": "949",
                  "antioxidant": "False",
                  "claims": null,
                  "phbalanced": null,
                  "wool_dietaryclaim": null,
                  "ophthalmologisttested": null,
                  "sulfatefree": "False",
                  "servingsperpack-total-nip": null,
                  "piescategorynamesjson": "[\"Packaged Bread & Bakery\"]",
                  "nutritionalinformation": null,
                  "ovencook": "False",
                  "vegetarian": "False",
                  "hypo-allergenic": null,
                  "timer": null,
                  "dermatologistrecommended": null,
                  "sapdepartmentno": "47",
                  "allergencontains": null,
                  "waterresistant": null,
                  "friendlydisclaimer": null,
                  "recyclableinformation": null,
                  "usageinstructions": null,
                  "freezable": "False"
              },
              "DetailsImagePaths": [
                  "https://cdn0.woolworths.media/content/wowproductimages/large/803943.jpg"
              ],
              "Variety": null,
              "Rating": {
                  "ReviewCount": 0,
                  "RatingCount": 0,
                  "RatingSum": 0,
                  "OneStarCount": 0,
                  "TwoStarCount": 0,
                  "ThreeStarCount": 0,
                  "FourStarCount": 0,
                  "FiveStarCount": 0,
                  "Average": 0,
                  "OneStarPercentage": 0,
                  "TwoStarPercentage": 0,
                  "ThreeStarPercentage": 0,
                  "FourStarPercentage": 0,
                  "FiveStarPercentage": 0
              },
              "HasProductSubs": false,
              "IsSponsoredAd": false,
              "AdID": null,
              "AdIndex": null,
              "IsMarketProduct": false,
              "IsGiftable": false,
              "Vendor": null,
              "Untraceable": false,
              "ThirdPartyProductInfo": null,
              "MarketFeatures": null,
              "MarketSpecifications": null,
              "SupplyLimitSource": "StockQuantity",
              "Tags": null,
              "IsPersonalisedByPurchaseHistory": false,
              "IsFromFacetedSearch": false,
              "NextAvailabilityDate": "2024-02-22T00:00:00.0000000Z",
              "NumberOfSubstitutes": 0,
              "IsPrimaryVariant": false,
              "VariantGroupId": 0,
              "HasVariants": false,
              "VariantTitle": null,
              "IsTobacco": false
          }
      ],
      "Name": "Brioche Gourmet Burger Buns",
      "DisplayName": "Brioche Gourmet Burger Buns 4 Pack"
  },
  {
      "Products": [
          {
              "TileID": 0,
              "Stockcode": 785629,
              "Barcode": "9417986938868",
              "GtinFormat": 13,
              "CupPrice": 2.08,
              "InstoreCupPrice": 2.08,
              "CupMeasure": "100G",
              "CupString": "$2.08 / 100G",
              "InstoreCupString": "$2.08 / 100G",
              "HasCupPrice": true,
              "InstoreHasCupPrice": true,
              "Price": 7.5,
              "InstorePrice": 7.5,
              "Name": "Toscano Waffles",
              "DisplayName": "Toscano Waffles 4 Pack",
              "UrlFriendlyName": "toscano-waffles",
              "Description": " Toscano Waffles  4 Pack",
              "SmallImageFile": "https://cdn0.woolworths.media/content/wowproductimages/small/785629.jpg",
              "MediumImageFile": "https://cdn0.woolworths.media/content/wowproductimages/medium/785629.jpg",
              "LargeImageFile": "https://cdn0.woolworths.media/content/wowproductimages/large/785629.jpg",
              "IsNew": false,
              "IsHalfPrice": false,
              "IsOnlineOnly": false,
              "IsOnSpecial": true,
              "InstoreIsOnSpecial": true,
              "IsEdrSpecial": false,
              "SavingsAmount": 0,
              "InstoreSavingsAmount": 0,
              "WasPrice": 7.5,
              "InstoreWasPrice": 7.5,
              "QuantityInTrolley": 0,
              "Unit": "Each",
              "MinimumQuantity": 1,
              "HasBeenBoughtBefore": false,
              "IsInTrolley": false,
              "Source": "Aisle.Bakery",
              "SupplyLimit": 10,
              "ProductLimit": 36,
              "MaxSupplyLimitMessage": "10 item(s) left",
              "IsRanged": true,
              "IsInStock": true,
              "PackageSize": "4 Pack",
              "IsPmDelivery": true,
              "IsForCollection": true,
              "IsForDelivery": true,
              "IsForExpress": true,
              "ProductRestrictionMessage": null,
              "ProductWarningMessage": null,
              "CentreTag": {
                  "TagContent": "<div class=\"member-pricing\" style=\"FONT-FAMILY: 'ROBOTO';FONT-WEIGHT: VAR(--font-weight-bold)\"><span class=\"member-price-text\"><i aria-hidden=\"true\" class=\"member-price-icon\"></i> Member Price</span> <span style=\"WHITE-SPACE: PRE-WRAP;\">$6.00 <span style=\"FONT-WEIGHT: VAR(--font-weight-regular);\">$1.67/100G</span></span></div>",
                  "TagLink": null,
                  "FallbackText": null,
                  "TagType": "Html",
                  "MultibuyData": null,
                  "MemberPriceData": {
                      "PromotionalPrice": "6.00",
                      "ComparativeUnitPrice": "1.67",
                      "ComparativeSize": "100",
                      "ComparativeSizeUom": "G"
                  },
                  "TagContentText": " Member Price $6.00 $1.67/100G",
                  "DualImageTagContent": null,
                  "PromotionType": "NOT_SET",
                  "IsRegisteredRewardCardPromotion": true
              },
              "IsCentreTag": true,
              "ImageTag": {
                  "TagContent": "/content/promotiontags/roundel-member-price-200x200.png",
                  "TagLink": null,
                  "FallbackText": "Member Price",
                  "TagType": "Image",
                  "MultibuyData": null,
                  "MemberPriceData": null,
                  "TagContentText": null,
                  "DualImageTagContent": null,
                  "PromotionType": "NOT_SET",
                  "IsRegisteredRewardCardPromotion": true
              },
              "HeaderTag": {
                  "BackgroundColor": null,
                  "BorderColor": null,
                  "TextColor": null,
                  "Content": null,
                  "TagLink": null,
                  "Promotion": "None"
              },
              "HasHeaderTag": true,
              "UnitWeightInGrams": 0,
              "SupplyLimitMessage": "'Toscano Waffles' has a supply limit of 10. The quantity in your cart has been reduced accordingly. To purchase a larger quantity, please contact us on 1800 000 610. Please note we do not supply trade orders.",
              "SmallFormatDescription": "Toscano Waffles ",
              "FullDescription": "Toscano Waffles ",
              "IsAvailable": true,
              "InstoreIsAvailable": true,
              "IsPurchasable": true,
              "InstoreIsPurchasable": true,
              "AgeRestricted": false,
              "DisplayQuantity": 1,
              "RichDescription": null,
              "HideWasSavedPrice": true,
              "SapCategories": null,
              "Brand": "Toscano",
              "IsRestrictedByDeliveryMethod": false,
              "FooterTag": {
                  "TagContent": null,
                  "TagLink": null,
                  "FallbackText": null,
                  "TagType": "None",
                  "MultibuyData": null,
                  "MemberPriceData": null,
                  "TagContentText": null,
                  "DualImageTagContent": null,
                  "PromotionType": "NOT_SET",
                  "IsRegisteredRewardCardPromotion": false
              },
              "IsFooterEnabled": true,
              "Diagnostics": "107",
              "IsBundle": false,
              "IsInFamily": false,
              "ChildProducts": null,
              "UrlOverride": null,
              "AdditionalAttributes": {
                  "boxedcontents": null,
                  "addedvitaminsandminerals": "False",
                  "sapdepartmentname": "PROPRIETARY BAKERY",
                  "spf": null,
                  "haircolour": null,
                  "lifestyleanddietarystatement": null,
                  "sapcategoryname": "PROPRIETARY BAKERY",
                  "skintype": null,
                  "importantinformation": null,
                  "allergystatement": "Fish Free",
                  "productdepthmm": null,
                  "skincondition": null,
                  "ophthalmologistapproved": null,
                  "healthstarrating": null,
                  "hairtype": null,
                  "fragrance-free": null,
                  "sapsegmentname": "WAFFLES/CREPES",
                  "suitablefor": null,
                  "PiesProductDepartmentsjson": "[{\"Id\":\"1_DEB537E\",\"Description\":\"Bakery\"}]",
                  "piessubcategorynamesjson": "[\"Desserts & Pastries\"]",
                  "sapsegmentno": "10",
                  "productwidthmm": null,
                  "contains": null,
                  "sapsubcategoryname": "RESALE BAKERY SNACKS",
                  "dermatologisttested": null,
                  "wool_productpackaging": null,
                  "dermatologicallyapproved": null,
                  "specialsgroupid": null,
                  "productimages": "785629.jpg,785629_1.jpg,785629_2.jpg,785629_7.jpg",
                  "productheightmm": null,
                  "r&r_hidereviews": null,
                  "microwavesafe": "False",
                  "paba-free": null,
                  "lifestyleclaim": null,
                  "alcoholfree": null,
                  "tgawarning": null,
                  "activeconstituents": null,
                  "microwaveable": "False",
                  "soap-free": null,
                  "countryoforigin": null,
                  "isexcludedfromsubstitution": "False",
                  "productimagecount": "4",
                  "r&r_loggedinreviews": null,
                  "anti-dandruff": null,
                  "servingsize-total-nip": null,
                  "tgahealthwarninglink": null,
                  "allergenmaybepresent": null,
                  "PiesProductDepartmentNodeId": "1_DEB537E",
                  "parabenfree": "False",
                  "vendorarticleid": null,
                  "containsgluten": "False",
                  "containsnuts": "False",
                  "ingredients": "Wheat Flour, Sugar, Vegetable Fats and Oils, Water, Whole Eggs, Invert Sugar, Yeast, Soy Flour, Salt, Emulsifier (322 From Soy), Vanillin Flavour",
                  "colour": null,
                  "manufacturer": null,
                  "sapcategoryno": "60",
                  "storageinstructions": null,
                  "tgawarnings": null,
                  "piesdepartmentnamesjson": "[\"Bakery\"]",
                  "brand": "toscano",
                  "oilfree": null,
                  "fragrance": null,
                  "antibacterial": "False",
                  "non-comedogenic": null,
                  "antiseptic": "False",
                  "bpafree": "False",
                  "vendorcostprice": null,
                  "description": "Authentic Leige waffles, made by traditional bakers since 1936.  Individually wrapped.",
                  "sweatresistant": null,
                  "sapsubcategoryno": "949",
                  "antioxidant": "False",
                  "claims": null,
                  "phbalanced": null,
                  "wool_dietaryclaim": null,
                  "ophthalmologisttested": null,
                  "sulfatefree": "False",
                  "servingsperpack-total-nip": null,
                  "piescategorynamesjson": "[\"Packaged Bread & Bakery\"]",
                  "nutritionalinformation": "{\"Name\":\"Nutritional Information\",\"Attributes\":[{\"Id\":702,\"Name\":\"Calcium Quantity Per 100g - Total - NIP\",\"Value\":\"64mg\",\"Description\":\"Calcium Quantity Per 100g - Total - NIP\",\"SortOrder\":71},{\"Id\":705,\"Name\":\"Carbohydrate Quantity Per 100g - Total - NIP\",\"Value\":\"33.4g\",\"Description\":\"Carbohydrate Quantity Per 100g - Total - NIP\",\"SortOrder\":83},{\"Id\":714,\"Name\":\"Cholesterol Quantity Per 100g - Total - NIP\",\"Value\":\"63mg\",\"Description\":\"Cholesterol Quantity Per 100g - Total - NIP\",\"SortOrder\":111},{\"Id\":191,\"Name\":\"Dietary Fibre Quantity Per 100g - Total - NIP\",\"Value\":\"1.2g\",\"Description\":\"Dietary Fibre Quantity Per 100g - Total - NIP\",\"SortOrder\":175},{\"Id\":759,\"Name\":\"Energy kJ Quantity Per 100g - Total - NIP\",\"Value\":\"983kJ\",\"Description\":\"Energy kJ Quantity Per 100g - Total - NIP\",\"SortOrder\":239},{\"Id\":253,\"Name\":\"Fat Saturated Quantity Per 100g - Total - NIP\",\"Value\":\"3.48g\",\"Description\":\"Fat Saturated Quantity Per 100g - Total - NIP\",\"SortOrder\":251},{\"Id\":764,\"Name\":\"Fat Total Quantity Per 100g - Total - NIP\",\"Value\":\"8.2g\",\"Description\":\"Fat Total Quantity Per 100g - Total - NIP\",\"SortOrder\":263},{\"Id\":166,\"Name\":\"Fat Total Quantity Per 100g - ValueWord - NIP\",\"Value\":\"8.2\",\"Description\":\"Fat Total Quantity Per 100g - ValueWord - NIP\",\"SortOrder\":264},{\"Id\":402,\"Name\":\"Monounsaturated Quantity Per 100g - Total - NIP\",\"Value\":\"3.13g\",\"Description\":\"Monounsaturated Quantity Per 100g - Total - NIP\",\"SortOrder\":479},{\"Id\":434,\"Name\":\"Polyunsaturated Quantity Per 100g - Total - NIP\",\"Value\":\"0.79g\",\"Description\":\"Polyunsaturated Quantity Per 100g - Total - NIP\",\"SortOrder\":563},{\"Id\":443,\"Name\":\"Potassium Quantity Per 100g - Total - NIP\",\"Value\":\"166mg\",\"Description\":\"Potassium Quantity Per 100g - Total - NIP\",\"SortOrder\":575},{\"Id\":878,\"Name\":\"Protein Quantity Per 100g - Total - NIP\",\"Value\":\"6.5g\",\"Description\":\"Protein Quantity Per 100g - Total - NIP\",\"SortOrder\":587},{\"Id\":491,\"Name\":\"Sodium Quantity Per 100g - Total - NIP\",\"Value\":\"223mg\",\"Description\":\"Sodium Quantity Per 100g - Total - NIP\",\"SortOrder\":623},{\"Id\":908,\"Name\":\"Sugars Quantity Per 100g - SuffixUnits - NIP\",\"Value\":\"g\",\"Description\":\"Sugars Quantity Per 100g - SuffixUnits - NIP\",\"SortOrder\":646},{\"Id\":909,\"Name\":\"Sugars Quantity Per 100g - Total - NIP\",\"Value\":\"9.3g\",\"Description\":\"Sugars Quantity Per 100g - Total - NIP\",\"SortOrder\":647},{\"Id\":910,\"Name\":\"Sugars Quantity Per 100g - ValueWord - NIP\",\"Value\":\"9.3\",\"Description\":\"Sugars Quantity Per 100g - ValueWord - NIP\",\"SortOrder\":648},{\"Id\":593,\"Name\":\"Trans Quantity Per 100g - Total - NIP\",\"Value\":\"202.18mg\",\"Description\":\"Trans Quantity Per 100g - Total - NIP\",\"SortOrder\":667}]}",
                  "ovencook": "False",
                  "vegetarian": "False",
                  "hypo-allergenic": null,
                  "timer": null,
                  "dermatologistrecommended": null,
                  "sapdepartmentno": "47",
                  "allergencontains": "Contains: Wheat, Egg and Soy.\nMay contain traces of Milk",
                  "waterresistant": null,
                  "friendlydisclaimer": null,
                  "recyclableinformation": null,
                  "usageinstructions": null,
                  "freezable": "False"
              },
              "DetailsImagePaths": [
                  "https://cdn0.woolworths.media/content/wowproductimages/large/785629.jpg"
              ],
              "Variety": null,
              "Rating": {
                  "ReviewCount": 0,
                  "RatingCount": 0,
                  "RatingSum": 0,
                  "OneStarCount": 0,
                  "TwoStarCount": 0,
                  "ThreeStarCount": 0,
                  "FourStarCount": 0,
                  "FiveStarCount": 0,
                  "Average": 0,
                  "OneStarPercentage": 0,
                  "TwoStarPercentage": 0,
                  "ThreeStarPercentage": 0,
                  "FourStarPercentage": 0,
                  "FiveStarPercentage": 0
              },
              "HasProductSubs": false,
              "IsSponsoredAd": false,
              "AdID": null,
              "AdIndex": null,
              "IsMarketProduct": false,
              "IsGiftable": false,
              "Vendor": null,
              "Untraceable": false,
              "ThirdPartyProductInfo": null,
              "MarketFeatures": null,
              "MarketSpecifications": null,
              "SupplyLimitSource": "StockQuantity",
              "Tags": [
                  {
                      "Content": {
                          "Type": "Label",
                          "Position": "Top",
                          "Attributes": {
                              "Text": null,
                              "Promotion": "None",
                              "BackgroundColor": null,
                              "BorderColor": null,
                              "TextColor": null
                          }
                      },
                      "TemplateId": null,
                      "Metadata": null
                  },
                  {
                      "Content": {
                          "Type": "Roundel",
                          "Position": "Top",
                          "Attributes": {
                              "ImagePath": "/content/promotiontags/roundel-member-price-200x200.png",
                              "FallbackText": "Member Price"
                          }
                      },
                      "TemplateId": null,
                      "Metadata": null
                  },
                  {
                      "Content": {
                          "Type": "PromotionInformation",
                          "Position": "Top",
                          "Attributes": {
                              "TagLink": null,
                              "Text": "Member Price $6.00",
                              "Html": "<div class=\"member-pricing\" style=\"FONT-FAMILY: 'ROBOTO';FONT-WEIGHT: VAR(--font-weight-bold)\"><span class=\"member-price-text\"><i aria-hidden=\"true\" class=\"member-price-icon\"></i> Member Price</span> <span style=\"WHITE-SPACE: PRE-WRAP;\">$6.00 <span style=\"FONT-WEIGHT: VAR(--font-weight-regular);\">$1.67/100G</span></span></div>",
                              "IsRegisteredRewardCardPromotion": "True",
                              "promotionalPrice": "6.00",
                              "comparativeUnitPrice": "1.67",
                              "comparativeSize": "100",
                              "comparativeSizeUom": "G"
                          }
                      },
                      "TemplateId": null,
                      "Metadata": null
                  }
              ],
              "IsPersonalisedByPurchaseHistory": false,
              "IsFromFacetedSearch": false,
              "NextAvailabilityDate": "2024-02-22T00:00:00.0000000Z",
              "NumberOfSubstitutes": 0,
              "IsPrimaryVariant": false,
              "VariantGroupId": 0,
              "HasVariants": false,
              "VariantTitle": null,
              "IsTobacco": false
          }
      ],
      "Name": "Toscano Waffles",
      "DisplayName": "Toscano Waffles 4 Pack"
  },
  {
      "Products": [
          {
              "TileID": 0,
              "Stockcode": 363951,
              "Barcode": "0284749000006",
              "GtinFormat": 13,
              "CupPrice": 6.5,
              "InstoreCupPrice": 6.5,
              "CupMeasure": "1EA",
              "CupString": "$6.50 / 1EA",
              "InstoreCupString": "$6.50 / 1EA",
              "HasCupPrice": true,
              "InstoreHasCupPrice": true,
              "Price": 6.5,
              "InstorePrice": 6.5,
              "Name": "Woolworths 35 Hour Sourdough Loaf Seeded Seeds And Grains",
              "DisplayName": "Woolworths 35 Hour Sourdough Loaf Seeded Each",
              "UrlFriendlyName": "woolworths-35-hour-sourdough-loaf-seeded-seeds-and-grains",
              "Description": " Woolworths 35 Hour Sourdough<br>Loaf Seeded Seeds... Each",
              "SmallImageFile": "https://cdn0.woolworths.media/content/wowproductimages/small/363951.jpg",
              "MediumImageFile": "https://cdn0.woolworths.media/content/wowproductimages/medium/363951.jpg",
              "LargeImageFile": "https://cdn0.woolworths.media/content/wowproductimages/large/363951.jpg",
              "IsNew": false,
              "IsHalfPrice": false,
              "IsOnlineOnly": false,
              "IsOnSpecial": false,
              "InstoreIsOnSpecial": false,
              "IsEdrSpecial": false,
              "SavingsAmount": 0,
              "InstoreSavingsAmount": 0,
              "WasPrice": 6.5,
              "InstoreWasPrice": 6.5,
              "QuantityInTrolley": 0,
              "Unit": "Each",
              "MinimumQuantity": 1,
              "HasBeenBoughtBefore": false,
              "IsInTrolley": false,
              "Source": "Aisle.Bakery",
              "SupplyLimit": 36,
              "ProductLimit": 36,
              "MaxSupplyLimitMessage": "36 item limit",
              "IsRanged": true,
              "IsInStock": true,
              "PackageSize": "Each",
              "IsPmDelivery": true,
              "IsForCollection": true,
              "IsForDelivery": true,
              "IsForExpress": true,
              "ProductRestrictionMessage": "Afternoon delivery & pick up",
              "ProductWarningMessage": "Afternoon delivery & pick up",
              "CentreTag": {
                  "TagContent": "<span>Range was $7 - 21/02/2023</span>",
                  "TagLink": null,
                  "FallbackText": null,
                  "TagType": "Html",
                  "MultibuyData": null,
                  "MemberPriceData": null,
                  "TagContentText": "Range was $7 - 21/02/2023",
                  "DualImageTagContent": null,
                  "PromotionType": "NOT_SET",
                  "IsRegisteredRewardCardPromotion": false
              },
              "IsCentreTag": true,
              "ImageTag": {
                  "TagContent": null,
                  "TagLink": null,
                  "FallbackText": "",
                  "TagType": "None",
                  "MultibuyData": null,
                  "MemberPriceData": null,
                  "TagContentText": null,
                  "DualImageTagContent": null,
                  "PromotionType": "NOT_SET",
                  "IsRegisteredRewardCardPromotion": false
              },
              "HeaderTag": {
                  "BackgroundColor": "#fff",
                  "BorderColor": "#c20016",
                  "TextColor": "#c20016",
                  "Content": "<span class=\"u-semibold\">Prices dropped</span>",
                  "TagLink": null,
                  "Promotion": "PriceDropped"
              },
              "HasHeaderTag": true,
              "UnitWeightInGrams": 0,
              "SupplyLimitMessage": "'Woolworths 35 Hour Sourdough Loaf Seeded Seeds And Grains' has a supply limit of 36. The quantity in your cart has been reduced accordingly. To purchase a larger quantity, please contact us on 1800 000 610. Please note we do not supply trade orders.",
              "SmallFormatDescription": "Woolworths 35 Hour Sourdough Loaf Seeded Seeds And Grains",
              "FullDescription": "Woolworths 35 Hour Sourdough Loaf Seeded Seeds And Grains",
              "IsAvailable": true,
              "InstoreIsAvailable": false,
              "IsPurchasable": true,
              "InstoreIsPurchasable": false,
              "AgeRestricted": false,
              "DisplayQuantity": 1,
              "RichDescription": null,
              "HideWasSavedPrice": false,
              "SapCategories": null,
              "Brand": "Woolworths",
              "IsRestrictedByDeliveryMethod": false,
              "FooterTag": {
                  "TagContent": "Price Dropped",
                  "TagLink": null,
                  "FallbackText": null,
                  "TagType": "Html",
                  "MultibuyData": null,
                  "MemberPriceData": null,
                  "TagContentText": null,
                  "DualImageTagContent": null,
                  "PromotionType": "NOT_SET",
                  "IsRegisteredRewardCardPromotion": false
              },
              "IsFooterEnabled": true,
              "Diagnostics": "108",
              "IsBundle": false,
              "IsInFamily": false,
              "ChildProducts": null,
              "UrlOverride": null,
              "AdditionalAttributes": {
                  "boxedcontents": null,
                  "addedvitaminsandminerals": "False",
                  "sapdepartmentname": "BAKEHOUSE",
                  "spf": null,
                  "haircolour": null,
                  "lifestyleanddietarystatement": "Vegetarian",
                  "sapcategoryname": "INSTORE BAKERY",
                  "skintype": null,
                  "importantinformation": null,
                  "allergystatement": "Egg Free",
                  "productdepthmm": null,
                  "skincondition": null,
                  "ophthalmologistapproved": null,
                  "healthstarrating": "3.5",
                  "hairtype": null,
                  "fragrance-free": null,
                  "sapsegmentname": "CORE SOURDOUGH LOAVES",
                  "suitablefor": null,
                  "PiesProductDepartmentsjson": "[{\"Id\":\"1_DEB537E\",\"Description\":\"Bakery\"}]",
                  "piessubcategorynamesjson": "[\"Bread\",\"Sourdough & Specialty Bread\"]",
                  "sapsegmentno": "9",
                  "productwidthmm": null,
                  "contains": null,
                  "sapsubcategoryname": "ISB SPECIALTY BREAD",
                  "dermatologisttested": null,
                  "wool_productpackaging": null,
                  "dermatologicallyapproved": null,
                  "specialsgroupid": null,
                  "productimages": "363951.jpg,363951_2.jpg,363951_3.jpg",
                  "productheightmm": null,
                  "r&r_hidereviews": null,
                  "microwavesafe": "False",
                  "paba-free": null,
                  "lifestyleclaim": null,
                  "alcoholfree": null,
                  "tgawarning": null,
                  "activeconstituents": null,
                  "microwaveable": "False",
                  "soap-free": null,
                  "countryoforigin": null,
                  "isexcludedfromsubstitution": "False",
                  "productimagecount": "3",
                  "r&r_loggedinreviews": null,
                  "anti-dandruff": null,
                  "servingsize-total-nip": null,
                  "tgahealthwarninglink": null,
                  "allergenmaybepresent": "Egg, Lupin, Milk, Peanuts, Sesame, Soy, Sulphites, Tree Nuts",
                  "PiesProductDepartmentNodeId": "1_DEB537E",
                  "parabenfree": "False",
                  "vendorarticleid": null,
                  "containsgluten": "False",
                  "containsnuts": "False",
                  "ingredients": "<p>Wheat Flour, Water, Sourdough Culture (Water, Wheat Flour, Whole meal Wheat Flour), Seed & Grain Mix (9%) (Linseeds, Rolled Oats, Pumpkin Seed, Sunflower Seeds, Canola Seeds), Whole meal Wheat Flour, Wheat Gluten, Iodised Salt, Maize Polenta, Molasses, Malted Wheat Flour, Yeast, Vitamins (Thiamin, Folic Acid). </p>",
                  "colour": null,
                  "manufacturer": null,
                  "sapcategoryno": "56",
                  "storageinstructions": null,
                  "tgawarnings": null,
                  "piesdepartmentnamesjson": "[\"Bakery\"]",
                  "brand": "woolworths",
                  "oilfree": null,
                  "fragrance": null,
                  "antibacterial": "False",
                  "non-comedogenic": null,
                  "antiseptic": "False",
                  "bpafree": "False",
                  "vendorcostprice": null,
                  "description": "Proudly made with Australian wheat flour, this sourdough bread recipe has been created by an expert artisan baker. Each 35 hour recipe loaf begins with a traditional culture, is slowly fermented then rested before being fully baked on stone giving a distinctive flavour and light open internal texture. Finished in our in-store ovens for a crisp crust.",
                  "sweatresistant": null,
                  "sapsubcategoryno": "979",
                  "antioxidant": "False",
                  "claims": null,
                  "phbalanced": null,
                  "wool_dietaryclaim": null,
                  "ophthalmologisttested": null,
                  "sulfatefree": "False",
                  "servingsperpack-total-nip": null,
                  "piescategorynamesjson": "[\"In-Store Bakery\"]",
                  "nutritionalinformation": "{\"Name\":\"Nutritional Information\",\"Attributes\":[{\"Id\":702,\"Name\":\"Calcium Quantity Per 100g - Total - NIP\",\"Value\":\"141mg\",\"Description\":\"Calcium Quantity Per 100g - Total - NIP\",\"SortOrder\":71},{\"Id\":705,\"Name\":\"Carbohydrate Quantity Per 100g - Total - NIP\",\"Value\":\"37.70g\",\"Description\":\"Carbohydrate Quantity Per 100g - Total - NIP\",\"SortOrder\":83},{\"Id\":706,\"Name\":\"Carbohydrate Quantity Per Serve - Total - NIP\",\"Value\":\"31.30g\",\"Description\":\"Carbohydrate Quantity Per Serve - Total - NIP\",\"SortOrder\":87},{\"Id\":191,\"Name\":\"Dietary Fibre Quantity Per 100g - Total - NIP\",\"Value\":\"4.30g\",\"Description\":\"Dietary Fibre Quantity Per 100g - Total - NIP\",\"SortOrder\":175},{\"Id\":120,\"Name\":\"Dietary Fibre Quantity Per Serve - Total - NIP\",\"Value\":\"3.60g\",\"Description\":\"Dietary Fibre Quantity Per Serve - Total - NIP\",\"SortOrder\":179},{\"Id\":759,\"Name\":\"Energy kJ Quantity Per 100g - Total - NIP\",\"Value\":\"1040.00kJ\",\"Description\":\"Energy kJ Quantity Per 100g - Total - NIP\",\"SortOrder\":239},{\"Id\":760,\"Name\":\"Energy kJ Quantity Per Serve - Total - NIP\",\"Value\":\"863.00kJ\",\"Description\":\"Energy kJ Quantity Per Serve - Total - NIP\",\"SortOrder\":243},{\"Id\":253,\"Name\":\"Fat Saturated Quantity Per 100g - Total - NIP\",\"Value\":\"1.00g\",\"Description\":\"Fat Saturated Quantity Per 100g - Total - NIP\",\"SortOrder\":251},{\"Id\":258,\"Name\":\"Fat Saturated Quantity Per Serve - Total - NIP\",\"Value\":\"0.80g\",\"Description\":\"Fat Saturated Quantity Per Serve - Total - NIP\",\"SortOrder\":255},{\"Id\":764,\"Name\":\"Fat Total Quantity Per 100g - Total - NIP\",\"Value\":\"5.10g\",\"Description\":\"Fat Total Quantity Per 100g - Total - NIP\",\"SortOrder\":263},{\"Id\":166,\"Name\":\"Fat Total Quantity Per 100g - ValueWord - NIP\",\"Value\":\"5.10\",\"Description\":\"Fat Total Quantity Per 100g - ValueWord - NIP\",\"SortOrder\":264},{\"Id\":264,\"Name\":\"Fat Total Quantity Per Serve - Total - NIP\",\"Value\":\"4.20g\",\"Description\":\"Fat Total Quantity Per Serve - Total - NIP\",\"SortOrder\":267},{\"Id\":402,\"Name\":\"Monounsaturated Quantity Per 100g - Total - NIP\",\"Value\":\"1.85g\",\"Description\":\"Monounsaturated Quantity Per 100g - Total - NIP\",\"SortOrder\":479},{\"Id\":434,\"Name\":\"Polyunsaturated Quantity Per 100g - Total - NIP\",\"Value\":\"5.17g\",\"Description\":\"Polyunsaturated Quantity Per 100g - Total - NIP\",\"SortOrder\":563},{\"Id\":443,\"Name\":\"Potassium Quantity Per 100g - Total - NIP\",\"Value\":\"237mg\",\"Description\":\"Potassium Quantity Per 100g - Total - NIP\",\"SortOrder\":575},{\"Id\":878,\"Name\":\"Protein Quantity Per 100g - Total - NIP\",\"Value\":\"10.40g\",\"Description\":\"Protein Quantity Per 100g - Total - NIP\",\"SortOrder\":587},{\"Id\":882,\"Name\":\"Protein Quantity Per Serve - Total - NIP\",\"Value\":\"8.60g\",\"Description\":\"Protein Quantity Per Serve - Total - NIP\",\"SortOrder\":591},{\"Id\":477,\"Name\":\"Serving Size - Total - NIP\",\"Value\":\"83.00g\",\"Description\":\"Serving Size - Total - NIP\",\"SortOrder\":607},{\"Id\":544,\"Name\":\"Servings Per Pack - Total - NIP\",\"Value\":\"6.00\",\"Description\":\"Servings Per Pack - Total - NIP\",\"SortOrder\":611},{\"Id\":491,\"Name\":\"Sodium Quantity Per 100g - Total - NIP\",\"Value\":\"451.00mg\",\"Description\":\"Sodium Quantity Per 100g - Total - NIP\",\"SortOrder\":623},{\"Id\":495,\"Name\":\"Sodium Quantity Per Serve - Total - NIP\",\"Value\":\"374.00mg\",\"Description\":\"Sodium Quantity Per Serve - Total - NIP\",\"SortOrder\":627},{\"Id\":907,\"Name\":\"Sugars Quantity Per 100g - Prefix - NIP\",\"Value\":null,\"Description\":\"Sugars Quantity Per 100g - Prefix - NIP\",\"SortOrder\":645},{\"Id\":908,\"Name\":\"Sugars Quantity Per 100g - SuffixUnits - NIP\",\"Value\":\"g\",\"Description\":\"Sugars Quantity Per 100g - SuffixUnits - NIP\",\"SortOrder\":646},{\"Id\":909,\"Name\":\"Sugars Quantity Per 100g - Total - NIP\",\"Value\":\"2.10g\",\"Description\":\"Sugars Quantity Per 100g - Total - NIP\",\"SortOrder\":647},{\"Id\":910,\"Name\":\"Sugars Quantity Per 100g - ValueWord - NIP\",\"Value\":\"2.10\",\"Description\":\"Sugars Quantity Per 100g - ValueWord - NIP\",\"SortOrder\":648},{\"Id\":504,\"Name\":\"Sugars Quantity Per Serve - Prefix - NIP\",\"Value\":null,\"Description\":\"Sugars Quantity Per Serve - Prefix - NIP\",\"SortOrder\":649},{\"Id\":911,\"Name\":\"Sugars Quantity Per Serve - SuffixUnits - NIP\",\"Value\":\"g\",\"Description\":\"Sugars Quantity Per Serve - SuffixUnits - NIP\",\"SortOrder\":650},{\"Id\":912,\"Name\":\"Sugars Quantity Per Serve - Total - NIP\",\"Value\":\"1.70g\",\"Description\":\"Sugars Quantity Per Serve - Total - NIP\",\"SortOrder\":651},{\"Id\":572,\"Name\":\"Sugars Quantity Per Serve - ValueWord - NIP\",\"Value\":\"1.70\",\"Description\":\"Sugars Quantity Per Serve - ValueWord - NIP\",\"SortOrder\":652},{\"Id\":593,\"Name\":\"Trans Quantity Per 100g - Total - NIP\",\"Value\":\"61.58mg\",\"Description\":\"Trans Quantity Per 100g - Total - NIP\",\"SortOrder\":667}]}",
                  "ovencook": "False",
                  "vegetarian": "False",
                  "hypo-allergenic": null,
                  "timer": null,
                  "dermatologistrecommended": null,
                  "sapdepartmentno": "45",
                  "allergencontains": "Gluten, Wheat",
                  "waterresistant": null,
                  "friendlydisclaimer": null,
                  "recyclableinformation": null,
                  "usageinstructions": null,
                  "freezable": "False"
              },
              "DetailsImagePaths": [
                  "https://cdn0.woolworths.media/content/wowproductimages/large/363951.jpg"
              ],
              "Variety": "Seeds And Grains",
              "Rating": {
                  "ReviewCount": 0,
                  "RatingCount": 0,
                  "RatingSum": 0,
                  "OneStarCount": 0,
                  "TwoStarCount": 0,
                  "ThreeStarCount": 0,
                  "FourStarCount": 0,
                  "FiveStarCount": 0,
                  "Average": 0,
                  "OneStarPercentage": 0,
                  "TwoStarPercentage": 0,
                  "ThreeStarPercentage": 0,
                  "FourStarPercentage": 0,
                  "FiveStarPercentage": 0
              },
              "HasProductSubs": false,
              "IsSponsoredAd": false,
              "AdID": null,
              "AdIndex": null,
              "IsMarketProduct": false,
              "IsGiftable": false,
              "Vendor": null,
              "Untraceable": false,
              "ThirdPartyProductInfo": null,
              "MarketFeatures": null,
              "MarketSpecifications": null,
              "SupplyLimitSource": "ProductLimit",
              "Tags": [
                  {
                      "Content": {
                          "Type": "Label",
                          "Position": "Top",
                          "Attributes": {
                              "Text": "<span class=\"u-semibold\">Prices dropped</span>",
                              "Promotion": "PriceDropped",
                              "BackgroundColor": "#fff",
                              "BorderColor": "#c20016",
                              "TextColor": "#c20016"
                          }
                      },
                      "TemplateId": null,
                      "Metadata": null
                  },
                  {
                      "Content": {
                          "Type": "PromotionInformation",
                          "Position": "Top",
                          "Attributes": {
                              "TagLink": null,
                              "Text": "Range was $7 - 21/02/2023",
                              "Html": "<span>Range was $7 - 21/02/2023</span>",
                              "IsRegisteredRewardCardPromotion": "False"
                          }
                      },
                      "TemplateId": null,
                      "Metadata": null
                  }
              ],
              "IsPersonalisedByPurchaseHistory": false,
              "IsFromFacetedSearch": false,
              "NextAvailabilityDate": "2024-02-22T00:00:00.0000000Z",
              "NumberOfSubstitutes": 0,
              "IsPrimaryVariant": false,
              "VariantGroupId": 0,
              "HasVariants": false,
              "VariantTitle": null,
              "IsTobacco": false
          }
      ],
      "Name": "Woolworths 35 Hour Sourdough Loaf Seeded Seeds And Grains",
      "DisplayName": "Woolworths 35 Hour Sourdough Loaf Seeded Each"
  },
  {
      "Products": [
          {
              "TileID": 0,
              "Stockcode": 66921,
              "Barcode": "0285239000001",
              "GtinFormat": 13,
              "CupPrice": 0.9,
              "InstoreCupPrice": 0.9,
              "CupMeasure": "1EA",
              "CupString": "$0.90 / 1EA",
              "InstoreCupString": "$0.90 / 1EA",
              "HasCupPrice": true,
              "InstoreHasCupPrice": true,
              "Price": 9,
              "InstorePrice": 9,
              "Name": "Large Butter Croissant",
              "DisplayName": "Large Butter Croissant 10 Pack",
              "UrlFriendlyName": "large-butter-croissant",
              "Description": "  Large Butter Croissant  10 Pack",
              "SmallImageFile": "https://cdn0.woolworths.media/content/wowproductimages/small/066921.jpg",
              "MediumImageFile": "https://cdn0.woolworths.media/content/wowproductimages/medium/066921.jpg",
              "LargeImageFile": "https://cdn0.woolworths.media/content/wowproductimages/large/066921.jpg",
              "IsNew": false,
              "IsHalfPrice": false,
              "IsOnlineOnly": false,
              "IsOnSpecial": false,
              "InstoreIsOnSpecial": false,
              "IsEdrSpecial": false,
              "SavingsAmount": 0,
              "InstoreSavingsAmount": 0,
              "WasPrice": 9,
              "InstoreWasPrice": 9,
              "QuantityInTrolley": 0,
              "Unit": "Each",
              "MinimumQuantity": 1,
              "HasBeenBoughtBefore": false,
              "IsInTrolley": false,
              "Source": "Aisle.Bakery",
              "SupplyLimit": 36,
              "ProductLimit": 36,
              "MaxSupplyLimitMessage": "36 item limit",
              "IsRanged": true,
              "IsInStock": true,
              "PackageSize": "10 Pack",
              "IsPmDelivery": false,
              "IsForCollection": true,
              "IsForDelivery": true,
              "IsForExpress": true,
              "ProductRestrictionMessage": null,
              "ProductWarningMessage": null,
              "CentreTag": {
                  "TagContent": null,
                  "TagLink": null,
                  "FallbackText": null,
                  "TagType": "None",
                  "MultibuyData": null,
                  "MemberPriceData": null,
                  "TagContentText": null,
                  "DualImageTagContent": null,
                  "PromotionType": "NOT_SET",
                  "IsRegisteredRewardCardPromotion": false
              },
              "IsCentreTag": false,
              "ImageTag": {
                  "TagContent": null,
                  "TagLink": null,
                  "FallbackText": "",
                  "TagType": "None",
                  "MultibuyData": null,
                  "MemberPriceData": null,
                  "TagContentText": null,
                  "DualImageTagContent": null,
                  "PromotionType": "NOT_SET",
                  "IsRegisteredRewardCardPromotion": false
              },
              "HeaderTag": null,
              "HasHeaderTag": false,
              "UnitWeightInGrams": 0,
              "SupplyLimitMessage": "'Large Butter Croissant' has a supply limit of 36. The quantity in your cart has been reduced accordingly. To purchase a larger quantity, please contact us on 1800 000 610. Please note we do not supply trade orders.",
              "SmallFormatDescription": " Large Butter Croissant ",
              "FullDescription": " Large Butter Croissant ",
              "IsAvailable": true,
              "InstoreIsAvailable": false,
              "IsPurchasable": true,
              "InstoreIsPurchasable": false,
              "AgeRestricted": false,
              "DisplayQuantity": 1,
              "RichDescription": null,
              "HideWasSavedPrice": false,
              "SapCategories": null,
              "Brand": null,
              "IsRestrictedByDeliveryMethod": false,
              "FooterTag": {
                  "TagContent": null,
                  "TagLink": null,
                  "FallbackText": null,
                  "TagType": "None",
                  "MultibuyData": null,
                  "MemberPriceData": null,
                  "TagContentText": null,
                  "DualImageTagContent": null,
                  "PromotionType": "NOT_SET",
                  "IsRegisteredRewardCardPromotion": false
              },
              "IsFooterEnabled": false,
              "Diagnostics": "109",
              "IsBundle": false,
              "IsInFamily": false,
              "ChildProducts": null,
              "UrlOverride": null,
              "AdditionalAttributes": {
                  "boxedcontents": null,
                  "addedvitaminsandminerals": "False",
                  "sapdepartmentname": "BAKEHOUSE",
                  "spf": null,
                  "haircolour": null,
                  "lifestyleanddietarystatement": "Vegetarian",
                  "sapcategoryname": "INSTORE BAKERY",
                  "skintype": null,
                  "importantinformation": null,
                  "allergystatement": "Fish Free",
                  "productdepthmm": null,
                  "skincondition": null,
                  "ophthalmologistapproved": null,
                  "healthstarrating": "1.5",
                  "hairtype": null,
                  "fragrance-free": null,
                  "sapsegmentname": "CROISSANT",
                  "suitablefor": null,
                  "PiesProductDepartmentsjson": "[{\"Id\":\"1_9E92C35\",\"Description\":\"Lunch Box\"},{\"Id\":\"1_DEB537E\",\"Description\":\"Bakery\"}]",
                  "piessubcategorynamesjson": "[\"Bakery Snacks\",\"Pastries & Desserts\"]",
                  "sapsegmentno": "32",
                  "productwidthmm": null,
                  "contains": null,
                  "sapsubcategoryname": "INSTORE MANUF CAKE/PASTRY",
                  "dermatologisttested": null,
                  "wool_productpackaging": null,
                  "dermatologicallyapproved": null,
                  "specialsgroupid": null,
                  "productimages": "66921.jpg",
                  "productheightmm": null,
                  "r&r_hidereviews": null,
                  "microwavesafe": "False",
                  "paba-free": null,
                  "lifestyleclaim": null,
                  "alcoholfree": null,
                  "tgawarning": null,
                  "activeconstituents": null,
                  "microwaveable": "False",
                  "soap-free": null,
                  "countryoforigin": null,
                  "isexcludedfromsubstitution": "False",
                  "productimagecount": "1",
                  "r&r_loggedinreviews": null,
                  "anti-dandruff": null,
                  "servingsize-total-nip": null,
                  "tgahealthwarninglink": null,
                  "allergenmaybepresent": "LUPIN, PEANUTS, TREE NUTS, SESAME, SOY.",
                  "PiesProductDepartmentNodeId": "1_9E92C35",
                  "parabenfree": "False",
                  "vendorarticleid": null,
                  "containsgluten": "False",
                  "containsnuts": "False",
                  "ingredients": "Wheat Flour, Butter (Milk), Water, Sugar, Yeast, Glaze, Wheat Gluten, Salt, Egg, Natural Colour (16 0a), Processing Aid (Wheat).",
                  "colour": null,
                  "manufacturer": null,
                  "sapcategoryno": "56",
                  "storageinstructions": null,
                  "tgawarnings": null,
                  "piesdepartmentnamesjson": "[\"Lunch Box\",\"Bakery\"]",
                  "brand": null,
                  "oilfree": null,
                  "fragrance": null,
                  "antibacterial": "False",
                  "non-comedogenic": null,
                  "antiseptic": "False",
                  "bpafree": "False",
                  "vendorcostprice": null,
                  "description": null,
                  "sweatresistant": null,
                  "sapsubcategoryno": "978",
                  "antioxidant": "False",
                  "claims": null,
                  "phbalanced": null,
                  "wool_dietaryclaim": null,
                  "ophthalmologisttested": null,
                  "sulfatefree": "False",
                  "servingsperpack-total-nip": null,
                  "piescategorynamesjson": "[\"Snacks\",\"In-Store Bakery\"]",
                  "nutritionalinformation": "{\"Name\":\"Nutritional Information\",\"Attributes\":[{\"Id\":705,\"Name\":\"Carbohydrate Quantity Per 100g - Total - NIP\",\"Value\":\"37.20g\",\"Description\":\"Carbohydrate Quantity Per 100g - Total - NIP\",\"SortOrder\":83},{\"Id\":706,\"Name\":\"Carbohydrate Quantity Per Serve - Total - NIP\",\"Value\":\"20.10g\",\"Description\":\"Carbohydrate Quantity Per Serve - Total - NIP\",\"SortOrder\":87},{\"Id\":759,\"Name\":\"Energy kJ Quantity Per 100g - Total - NIP\",\"Value\":\"1690.00kJ\",\"Description\":\"Energy kJ Quantity Per 100g - Total - NIP\",\"SortOrder\":239},{\"Id\":760,\"Name\":\"Energy kJ Quantity Per Serve - Total - NIP\",\"Value\":\"913.00kJ\",\"Description\":\"Energy kJ Quantity Per Serve - Total - NIP\",\"SortOrder\":243},{\"Id\":253,\"Name\":\"Fat Saturated Quantity Per 100g - Total - NIP\",\"Value\":\"14.30g\",\"Description\":\"Fat Saturated Quantity Per 100g - Total - NIP\",\"SortOrder\":251},{\"Id\":258,\"Name\":\"Fat Saturated Quantity Per Serve - Total - NIP\",\"Value\":\"7.70g\",\"Description\":\"Fat Saturated Quantity Per Serve - Total - NIP\",\"SortOrder\":255},{\"Id\":764,\"Name\":\"Fat Total Quantity Per 100g - Total - NIP\",\"Value\":\"24.30g\",\"Description\":\"Fat Total Quantity Per 100g - Total - NIP\",\"SortOrder\":263},{\"Id\":166,\"Name\":\"Fat Total Quantity Per 100g - ValueWord - NIP\",\"Value\":\"24.30\",\"Description\":\"Fat Total Quantity Per 100g - ValueWord - NIP\",\"SortOrder\":264},{\"Id\":264,\"Name\":\"Fat Total Quantity Per Serve - Total - NIP\",\"Value\":\"13.10g\",\"Description\":\"Fat Total Quantity Per Serve - Total - NIP\",\"SortOrder\":267},{\"Id\":878,\"Name\":\"Protein Quantity Per 100g - Total - NIP\",\"Value\":\"8.50g\",\"Description\":\"Protein Quantity Per 100g - Total - NIP\",\"SortOrder\":587},{\"Id\":882,\"Name\":\"Protein Quantity Per Serve - Total - NIP\",\"Value\":\"4.60g\",\"Description\":\"Protein Quantity Per Serve - Total - NIP\",\"SortOrder\":591},{\"Id\":477,\"Name\":\"Serving Size - Total - NIP\",\"Value\":\"54g\",\"Description\":\"Serving Size - Total - NIP\",\"SortOrder\":607},{\"Id\":544,\"Name\":\"Servings Per Pack - Total - NIP\",\"Value\":\"10\",\"Description\":\"Servings Per Pack - Total - NIP\",\"SortOrder\":611},{\"Id\":491,\"Name\":\"Sodium Quantity Per 100g - Total - NIP\",\"Value\":\"376.00mg\",\"Description\":\"Sodium Quantity Per 100g - Total - NIP\",\"SortOrder\":623},{\"Id\":495,\"Name\":\"Sodium Quantity Per Serve - Total - NIP\",\"Value\":\"203.00mg\",\"Description\":\"Sodium Quantity Per Serve - Total - NIP\",\"SortOrder\":627},{\"Id\":907,\"Name\":\"Sugars Quantity Per 100g - Prefix - NIP\",\"Value\":null,\"Description\":\"Sugars Quantity Per 100g - Prefix - NIP\",\"SortOrder\":645},{\"Id\":908,\"Name\":\"Sugars Quantity Per 100g - SuffixUnits - NIP\",\"Value\":\"g\",\"Description\":\"Sugars Quantity Per 100g - SuffixUnits - NIP\",\"SortOrder\":646},{\"Id\":909,\"Name\":\"Sugars Quantity Per 100g - Total - NIP\",\"Value\":\"3.90g\",\"Description\":\"Sugars Quantity Per 100g - Total - NIP\",\"SortOrder\":647},{\"Id\":910,\"Name\":\"Sugars Quantity Per 100g - ValueWord - NIP\",\"Value\":\"3.90\",\"Description\":\"Sugars Quantity Per 100g - ValueWord - NIP\",\"SortOrder\":648},{\"Id\":504,\"Name\":\"Sugars Quantity Per Serve - Prefix - NIP\",\"Value\":null,\"Description\":\"Sugars Quantity Per Serve - Prefix - NIP\",\"SortOrder\":649},{\"Id\":911,\"Name\":\"Sugars Quantity Per Serve - SuffixUnits - NIP\",\"Value\":\"g\",\"Description\":\"Sugars Quantity Per Serve - SuffixUnits - NIP\",\"SortOrder\":650},{\"Id\":912,\"Name\":\"Sugars Quantity Per Serve - Total - NIP\",\"Value\":\"2.10g\",\"Description\":\"Sugars Quantity Per Serve - Total - NIP\",\"SortOrder\":651},{\"Id\":572,\"Name\":\"Sugars Quantity Per Serve - ValueWord - NIP\",\"Value\":\"2.10\",\"Description\":\"Sugars Quantity Per Serve - ValueWord - NIP\",\"SortOrder\":652}]}",
                  "ovencook": "False",
                  "vegetarian": "False",
                  "hypo-allergenic": null,
                  "timer": null,
                  "dermatologistrecommended": null,
                  "sapdepartmentno": "45",
                  "allergencontains": "EGG,GLUTEN,WHEAT,MILK.",
                  "waterresistant": null,
                  "friendlydisclaimer": null,
                  "recyclableinformation": null,
                  "usageinstructions": null,
                  "freezable": "False"
              },
              "DetailsImagePaths": [
                  "https://cdn0.woolworths.media/content/wowproductimages/large/066921.jpg"
              ],
              "Variety": null,
              "Rating": {
                  "ReviewCount": 0,
                  "RatingCount": 0,
                  "RatingSum": 0,
                  "OneStarCount": 0,
                  "TwoStarCount": 0,
                  "ThreeStarCount": 0,
                  "FourStarCount": 0,
                  "FiveStarCount": 0,
                  "Average": 0,
                  "OneStarPercentage": 0,
                  "TwoStarPercentage": 0,
                  "ThreeStarPercentage": 0,
                  "FourStarPercentage": 0,
                  "FiveStarPercentage": 0
              },
              "HasProductSubs": false,
              "IsSponsoredAd": false,
              "AdID": null,
              "AdIndex": null,
              "IsMarketProduct": false,
              "IsGiftable": false,
              "Vendor": null,
              "Untraceable": false,
              "ThirdPartyProductInfo": null,
              "MarketFeatures": null,
              "MarketSpecifications": null,
              "SupplyLimitSource": "ProductLimit",
              "Tags": null,
              "IsPersonalisedByPurchaseHistory": false,
              "IsFromFacetedSearch": false,
              "NextAvailabilityDate": "2024-02-22T00:00:00.0000000Z",
              "NumberOfSubstitutes": 0,
              "IsPrimaryVariant": false,
              "VariantGroupId": 0,
              "HasVariants": false,
              "VariantTitle": null,
              "IsTobacco": false
          }
      ],
      "Name": "Large Butter Croissant",
      "DisplayName": "Large Butter Croissant 10 Pack"
  },
  {
      "Products": [
          {
              "TileID": 0,
              "Stockcode": 331602,
              "Barcode": "9339423003499",
              "GtinFormat": 13,
              "CupPrice": 0.72,
              "InstoreCupPrice": 0.72,
              "CupMeasure": "100G",
              "CupString": "$0.72 / 100G",
              "InstoreCupString": "$0.72 / 100G",
              "HasCupPrice": true,
              "InstoreHasCupPrice": true,
              "Price": 4.9,
              "InstorePrice": 4.9,
              "Name": "Abbott's Bakery Light Rye Sandwich Slice Bread Loaf",
              "DisplayName": "Abbott's Bakery Light Rye Sandwich Slice Bread Loaf 680g",
              "UrlFriendlyName": "abbott-s-bakery-light-rye-sandwich-slice-bread-loaf",
              "Description": " Abbott's Bakery Light Rye<br>Sandwich Slice... 680g",
              "SmallImageFile": "https://cdn0.woolworths.media/content/wowproductimages/small/331602.jpg",
              "MediumImageFile": "https://cdn0.woolworths.media/content/wowproductimages/medium/331602.jpg",
              "LargeImageFile": "https://cdn0.woolworths.media/content/wowproductimages/large/331602.jpg",
              "IsNew": false,
              "IsHalfPrice": false,
              "IsOnlineOnly": false,
              "IsOnSpecial": false,
              "InstoreIsOnSpecial": false,
              "IsEdrSpecial": false,
              "SavingsAmount": 0,
              "InstoreSavingsAmount": 0,
              "WasPrice": 4.9,
              "InstoreWasPrice": 4.9,
              "QuantityInTrolley": 0,
              "Unit": "Each",
              "MinimumQuantity": 1,
              "HasBeenBoughtBefore": false,
              "IsInTrolley": false,
              "Source": "Aisle.Bakery",
              "SupplyLimit": 36,
              "ProductLimit": 36,
              "MaxSupplyLimitMessage": "36 item limit",
              "IsRanged": true,
              "IsInStock": true,
              "PackageSize": "680g",
              "IsPmDelivery": false,
              "IsForCollection": true,
              "IsForDelivery": true,
              "IsForExpress": true,
              "ProductRestrictionMessage": null,
              "ProductWarningMessage": null,
              "CentreTag": {
                  "TagContent": null,
                  "TagLink": null,
                  "FallbackText": null,
                  "TagType": "None",
                  "MultibuyData": null,
                  "MemberPriceData": null,
                  "TagContentText": null,
                  "DualImageTagContent": null,
                  "PromotionType": "NOT_SET",
                  "IsRegisteredRewardCardPromotion": false
              },
              "IsCentreTag": false,
              "ImageTag": {
                  "TagContent": null,
                  "TagLink": null,
                  "FallbackText": "",
                  "TagType": "None",
                  "MultibuyData": null,
                  "MemberPriceData": null,
                  "TagContentText": null,
                  "DualImageTagContent": null,
                  "PromotionType": "NOT_SET",
                  "IsRegisteredRewardCardPromotion": false
              },
              "HeaderTag": {
                  "BackgroundColor": "#c20016",
                  "BorderColor": "#c20016",
                  "TextColor": "#fff",
                  "Content": "LOW PRICE",
                  "TagLink": null,
                  "Promotion": "LowPrice"
              },
              "HasHeaderTag": true,
              "UnitWeightInGrams": 0,
              "SupplyLimitMessage": "'Abbott's Bakery Light Rye Sandwich Slice Bread Loaf' has a supply limit of 36. The quantity in your cart has been reduced accordingly. To purchase a larger quantity, please contact us on 1800 000 610. Please note we do not supply trade orders.",
              "SmallFormatDescription": "Abbott's Bakery Light Rye Sandwich Slice Bread Loaf",
              "FullDescription": "Abbott's Bakery Light Rye Sandwich Slice Bread Loaf",
              "IsAvailable": true,
              "InstoreIsAvailable": false,
              "IsPurchasable": true,
              "InstoreIsPurchasable": false,
              "AgeRestricted": false,
              "DisplayQuantity": 1,
              "RichDescription": null,
              "HideWasSavedPrice": false,
              "SapCategories": null,
              "Brand": "Abbott's Bakery",
              "IsRestrictedByDeliveryMethod": false,
              "FooterTag": {
                  "TagContent": "Lower Price Always",
                  "TagLink": null,
                  "FallbackText": null,
                  "TagType": "Html",
                  "MultibuyData": null,
                  "MemberPriceData": null,
                  "TagContentText": null,
                  "DualImageTagContent": null,
                  "PromotionType": "NOT_SET",
                  "IsRegisteredRewardCardPromotion": false
              },
              "IsFooterEnabled": true,
              "Diagnostics": "110",
              "IsBundle": false,
              "IsInFamily": false,
              "ChildProducts": null,
              "UrlOverride": null,
              "AdditionalAttributes": {
                  "boxedcontents": null,
                  "addedvitaminsandminerals": "False",
                  "sapdepartmentname": "PROPRIETARY BAKERY",
                  "spf": null,
                  "haircolour": null,
                  "lifestyleanddietarystatement": "Low Saturated Fat",
                  "sapcategoryname": "PROPRIETARY BAKERY",
                  "skintype": null,
                  "importantinformation": null,
                  "allergystatement": "Fish Free",
                  "productdepthmm": null,
                  "skincondition": null,
                  "ophthalmologistapproved": null,
                  "healthstarrating": "4",
                  "hairtype": null,
                  "fragrance-free": null,
                  "sapsegmentname": "RYE",
                  "suitablefor": null,
                  "PiesProductDepartmentsjson": "[{\"Id\":\"1_DEB537E\",\"Description\":\"Bakery\"}]",
                  "piessubcategorynamesjson": "[\"Packaged Bread\"]",
                  "sapsegmentno": "8",
                  "productwidthmm": null,
                  "contains": null,
                  "sapsubcategoryname": "RESALE BREAD",
                  "dermatologisttested": null,
                  "wool_productpackaging": null,
                  "dermatologicallyapproved": null,
                  "specialsgroupid": null,
                  "productimages": "331602.jpg,331602_2.jpg,331602_3.jpg,331602_4.jpg,331602_6.jpg",
                  "productheightmm": null,
                  "r&r_hidereviews": null,
                  "microwavesafe": "False",
                  "paba-free": null,
                  "lifestyleclaim": "Halal, Vegan, Vegetarian",
                  "alcoholfree": null,
                  "tgawarning": null,
                  "activeconstituents": null,
                  "microwaveable": "False",
                  "soap-free": null,
                  "countryoforigin": null,
                  "isexcludedfromsubstitution": "False",
                  "productimagecount": "5",
                  "r&r_loggedinreviews": null,
                  "anti-dandruff": null,
                  "servingsize-total-nip": null,
                  "tgahealthwarninglink": null,
                  "allergenmaybepresent": "Sesame",
                  "PiesProductDepartmentNodeId": "1_DEB537E",
                  "parabenfree": "False",
                  "vendorarticleid": null,
                  "containsgluten": "False",
                  "containsnuts": "False",
                  "ingredients": "Wheat Flour, Water, Rye Flour (11%), Rye Meal (5%), Bakers Yeast, Vinegar, Wheat Gluten, Iodised Salt, Canola Oil, Fermented Wheat Flour, Soy Flour, Barley Malt Flour (0.3%), Vegetable Emulsifiers (471, 472e, 481), Vitamins (Thiamin, Folic Acid).",
                  "colour": null,
                  "manufacturer": null,
                  "sapcategoryno": "60",
                  "storageinstructions": "To keep your Abbott’s Bakery loaf fresh, store in a cool, dry place away from direct sunlight.",
                  "tgawarnings": null,
                  "piesdepartmentnamesjson": "[\"Bakery\"]",
                  "brand": "abbott's bakery",
                  "oilfree": null,
                  "fragrance": null,
                  "antibacterial": "False",
                  "non-comedogenic": null,
                  "antiseptic": "False",
                  "bpafree": "False",
                  "vendorcostprice": null,
                  "description": "<p>Abbott’s Bakery is for those who see the kitchen as a playground to feed their creativity and evoke delight. Our premium, versatile range is made for makers to craft their edible masterpieces just the way they like.<br/><br/>Rye bread can be pretty strong stuff. So this one’s less intense. We created the perfect blend of ingredients including rye flour, rye meal, and then added a dash of malted roasted barley flour for a light smoky flavour. It’s the rye you’ve been waiting for.<br/><br/>Source of Fibre<br/><br/>6.7 g of Protein per serve<br/><br/>No Artificial Colours, flavours or preservatives<br/><br/>4 Health Star Rating</p>",
                  "sweatresistant": null,
                  "sapsubcategoryno": "950",
                  "antioxidant": "False",
                  "claims": null,
                  "phbalanced": null,
                  "wool_dietaryclaim": null,
                  "ophthalmologisttested": null,
                  "sulfatefree": "False",
                  "servingsperpack-total-nip": null,
                  "piescategorynamesjson": "[\"Packaged Bread & Bakery\"]",
                  "nutritionalinformation": "{\"Name\":\"Nutritional Information\",\"Attributes\":[{\"Id\":702,\"Name\":\"Calcium Quantity Per 100g - Total - NIP\",\"Value\":\"51mg\",\"Description\":\"Calcium Quantity Per 100g - Total - NIP\",\"SortOrder\":71},{\"Id\":47,\"Name\":\"Calcium Quantity Per Serve - Total - NIP\",\"Value\":\"38.8mg\",\"Description\":\"Calcium Quantity Per Serve - Total - NIP\",\"SortOrder\":75},{\"Id\":705,\"Name\":\"Carbohydrate Quantity Per 100g - Total - NIP\",\"Value\":\"44.20g\",\"Description\":\"Carbohydrate Quantity Per 100g - Total - NIP\",\"SortOrder\":83},{\"Id\":706,\"Name\":\"Carbohydrate Quantity Per Serve - Total - NIP\",\"Value\":\"33.60g\",\"Description\":\"Carbohydrate Quantity Per Serve - Total - NIP\",\"SortOrder\":87},{\"Id\":191,\"Name\":\"Dietary Fibre Quantity Per 100g - Total - NIP\",\"Value\":\"4.20g\",\"Description\":\"Dietary Fibre Quantity Per 100g - Total - NIP\",\"SortOrder\":175},{\"Id\":120,\"Name\":\"Dietary Fibre Quantity Per Serve - Total - NIP\",\"Value\":\"3.20g\",\"Description\":\"Dietary Fibre Quantity Per Serve - Total - NIP\",\"SortOrder\":179},{\"Id\":759,\"Name\":\"Energy kJ Quantity Per 100g - Total - NIP\",\"Value\":\"1020.00kJ\",\"Description\":\"Energy kJ Quantity Per 100g - Total - NIP\",\"SortOrder\":239},{\"Id\":760,\"Name\":\"Energy kJ Quantity Per Serve - Total - NIP\",\"Value\":\"775.00kJ\",\"Description\":\"Energy kJ Quantity Per Serve - Total - NIP\",\"SortOrder\":243},{\"Id\":253,\"Name\":\"Fat Saturated Quantity Per 100g - Total - NIP\",\"Value\":\"0.60g\",\"Description\":\"Fat Saturated Quantity Per 100g - Total - NIP\",\"SortOrder\":251},{\"Id\":258,\"Name\":\"Fat Saturated Quantity Per Serve - Total - NIP\",\"Value\":\"0.50g\",\"Description\":\"Fat Saturated Quantity Per Serve - Total - NIP\",\"SortOrder\":255},{\"Id\":764,\"Name\":\"Fat Total Quantity Per 100g - Total - NIP\",\"Value\":\"2.20g\",\"Description\":\"Fat Total Quantity Per 100g - Total - NIP\",\"SortOrder\":263},{\"Id\":166,\"Name\":\"Fat Total Quantity Per 100g - ValueWord - NIP\",\"Value\":\"2.20\",\"Description\":\"Fat Total Quantity Per 100g - ValueWord - NIP\",\"SortOrder\":264},{\"Id\":264,\"Name\":\"Fat Total Quantity Per Serve - Total - NIP\",\"Value\":\"1.70g\",\"Description\":\"Fat Total Quantity Per Serve - Total - NIP\",\"SortOrder\":267},{\"Id\":402,\"Name\":\"Monounsaturated Quantity Per 100g - Total - NIP\",\"Value\":\"0.68g\",\"Description\":\"Monounsaturated Quantity Per 100g - Total - NIP\",\"SortOrder\":479},{\"Id\":834,\"Name\":\"Monounsaturated Quantity Per Serve - Total - NIP\",\"Value\":\"0.52g\",\"Description\":\"Monounsaturated Quantity Per Serve - Total - NIP\",\"SortOrder\":483},{\"Id\":434,\"Name\":\"Polyunsaturated Quantity Per 100g - Total - NIP\",\"Value\":\"0.95g\",\"Description\":\"Polyunsaturated Quantity Per 100g - Total - NIP\",\"SortOrder\":563},{\"Id\":435,\"Name\":\"Polyunsaturated Quantity Per Serve - Total - NIP\",\"Value\":\"0.72g\",\"Description\":\"Polyunsaturated Quantity Per Serve - Total - NIP\",\"SortOrder\":567},{\"Id\":443,\"Name\":\"Potassium Quantity Per 100g - Total - NIP\",\"Value\":\"143mg\",\"Description\":\"Potassium Quantity Per 100g - Total - NIP\",\"SortOrder\":575},{\"Id\":493,\"Name\":\"Potassium Quantity Per Serve - Total - NIP\",\"Value\":\"108.79mg\",\"Description\":\"Potassium Quantity Per Serve - Total - NIP\",\"SortOrder\":579},{\"Id\":878,\"Name\":\"Protein Quantity Per 100g - Total - NIP\",\"Value\":\"8.80g\",\"Description\":\"Protein Quantity Per 100g - Total - NIP\",\"SortOrder\":587},{\"Id\":882,\"Name\":\"Protein Quantity Per Serve - Total - NIP\",\"Value\":\"6.70g\",\"Description\":\"Protein Quantity Per Serve - Total - NIP\",\"SortOrder\":591},{\"Id\":477,\"Name\":\"Serving Size - Total - NIP\",\"Value\":\"76.00g\",\"Description\":\"Serving Size - Total - NIP\",\"SortOrder\":607},{\"Id\":544,\"Name\":\"Servings Per Pack - Total - NIP\",\"Value\":\"9.00\",\"Description\":\"Servings Per Pack - Total - NIP\",\"SortOrder\":611},{\"Id\":491,\"Name\":\"Sodium Quantity Per 100g - Total - NIP\",\"Value\":\"379.00mg\",\"Description\":\"Sodium Quantity Per 100g - Total - NIP\",\"SortOrder\":623},{\"Id\":495,\"Name\":\"Sodium Quantity Per Serve - Total - NIP\",\"Value\":\"288.00mg\",\"Description\":\"Sodium Quantity Per Serve - Total - NIP\",\"SortOrder\":627},{\"Id\":907,\"Name\":\"Sugars Quantity Per 100g - Prefix - NIP\",\"Value\":null,\"Description\":\"Sugars Quantity Per 100g - Prefix - NIP\",\"SortOrder\":645},{\"Id\":908,\"Name\":\"Sugars Quantity Per 100g - SuffixUnits - NIP\",\"Value\":\"g\",\"Description\":\"Sugars Quantity Per 100g - SuffixUnits - NIP\",\"SortOrder\":646},{\"Id\":909,\"Name\":\"Sugars Quantity Per 100g - Total - NIP\",\"Value\":\"2.40g\",\"Description\":\"Sugars Quantity Per 100g - Total - NIP\",\"SortOrder\":647},{\"Id\":910,\"Name\":\"Sugars Quantity Per 100g - ValueWord - NIP\",\"Value\":\"2.40\",\"Description\":\"Sugars Quantity Per 100g - ValueWord - NIP\",\"SortOrder\":648},{\"Id\":504,\"Name\":\"Sugars Quantity Per Serve - Prefix - NIP\",\"Value\":null,\"Description\":\"Sugars Quantity Per Serve - Prefix - NIP\",\"SortOrder\":649},{\"Id\":911,\"Name\":\"Sugars Quantity Per Serve - SuffixUnits - NIP\",\"Value\":\"g\",\"Description\":\"Sugars Quantity Per Serve - SuffixUnits - NIP\",\"SortOrder\":650},{\"Id\":912,\"Name\":\"Sugars Quantity Per Serve - Total - NIP\",\"Value\":\"1.80g\",\"Description\":\"Sugars Quantity Per Serve - Total - NIP\",\"SortOrder\":651},{\"Id\":572,\"Name\":\"Sugars Quantity Per Serve - ValueWord - NIP\",\"Value\":\"1.80\",\"Description\":\"Sugars Quantity Per Serve - ValueWord - NIP\",\"SortOrder\":652},{\"Id\":593,\"Name\":\"Trans Quantity Per 100g - Total - NIP\",\"Value\":\"17.28mg\",\"Description\":\"Trans Quantity Per 100g - Total - NIP\",\"SortOrder\":667},{\"Id\":510,\"Name\":\"Trans Quantity Per Serve - Total - NIP\",\"Value\":\"13.15mg\",\"Description\":\"Trans Quantity Per Serve - Total - NIP\",\"SortOrder\":671}]}",
                  "ovencook": "False",
                  "vegetarian": "False",
                  "hypo-allergenic": null,
                  "timer": null,
                  "dermatologistrecommended": null,
                  "sapdepartmentno": "47",
                  "allergencontains": "Soy",
                  "waterresistant": null,
                  "friendlydisclaimer": null,
                  "recyclableinformation": null,
                  "usageinstructions": null,
                  "freezable": "False"
              },
              "DetailsImagePaths": [
                  "https://cdn0.woolworths.media/content/wowproductimages/large/331602.jpg"
              ],
              "Variety": "Bread Loaf",
              "Rating": {
                  "ReviewCount": 0,
                  "RatingCount": 0,
                  "RatingSum": 0,
                  "OneStarCount": 0,
                  "TwoStarCount": 0,
                  "ThreeStarCount": 0,
                  "FourStarCount": 0,
                  "FiveStarCount": 0,
                  "Average": 0,
                  "OneStarPercentage": 0,
                  "TwoStarPercentage": 0,
                  "ThreeStarPercentage": 0,
                  "FourStarPercentage": 0,
                  "FiveStarPercentage": 0
              },
              "HasProductSubs": false,
              "IsSponsoredAd": false,
              "AdID": null,
              "AdIndex": null,
              "IsMarketProduct": false,
              "IsGiftable": false,
              "Vendor": null,
              "Untraceable": false,
              "ThirdPartyProductInfo": null,
              "MarketFeatures": null,
              "MarketSpecifications": null,
              "SupplyLimitSource": "ProductLimit",
              "Tags": [
                  {
                      "Content": {
                          "Type": "Label",
                          "Position": "Top",
                          "Attributes": {
                              "Text": "LOW PRICE",
                              "Promotion": "LowPrice",
                              "BackgroundColor": "#c20016",
                              "BorderColor": "#c20016",
                              "TextColor": "#fff"
                          }
                      },
                      "TemplateId": null,
                      "Metadata": null
                  }
              ],
              "IsPersonalisedByPurchaseHistory": false,
              "IsFromFacetedSearch": false,
              "NextAvailabilityDate": "2024-02-22T00:00:00.0000000Z",
              "NumberOfSubstitutes": 0,
              "IsPrimaryVariant": false,
              "VariantGroupId": 0,
              "HasVariants": false,
              "VariantTitle": null,
              "IsTobacco": false
          }
      ],
      "Name": "Abbott's Bakery Light Rye Sandwich Slice Bread Loaf",
      "DisplayName": "Abbott's Bakery Light Rye Sandwich Slice Bread Loaf 680g"
  },
  {
      "Products": [
          {
              "TileID": 0,
              "Stockcode": 957684,
              "Barcode": "9310023142986",
              "GtinFormat": 13,
              "CupPrice": 1.25,
              "InstoreCupPrice": 1.25,
              "CupMeasure": "100G",
              "CupString": "$1.25 / 100G",
              "InstoreCupString": "$1.25 / 100G",
              "HasCupPrice": true,
              "InstoreHasCupPrice": true,
              "Price": 7.5,
              "InstorePrice": 7.5,
              "Name": "Mighty Soft Fruit Loaf Cafe Style",
              "DisplayName": "Mighty Soft Fruit Loaf Cafe Style 600g",
              "UrlFriendlyName": "mighty-soft-fruit-loaf-cafe-style",
              "Description": " Mighty Soft Fruit Loaf Cafe<br>Style 600G",
              "SmallImageFile": "https://cdn0.woolworths.media/content/wowproductimages/small/957684.jpg",
              "MediumImageFile": "https://cdn0.woolworths.media/content/wowproductimages/medium/957684.jpg",
              "LargeImageFile": "https://cdn0.woolworths.media/content/wowproductimages/large/957684.jpg",
              "IsNew": false,
              "IsHalfPrice": false,
              "IsOnlineOnly": false,
              "IsOnSpecial": false,
              "InstoreIsOnSpecial": false,
              "IsEdrSpecial": false,
              "SavingsAmount": 0,
              "InstoreSavingsAmount": 0,
              "WasPrice": 7.5,
              "InstoreWasPrice": 7.5,
              "QuantityInTrolley": 0,
              "Unit": "Each",
              "MinimumQuantity": 1,
              "HasBeenBoughtBefore": false,
              "IsInTrolley": false,
              "Source": "Aisle.Bakery",
              "SupplyLimit": 36,
              "ProductLimit": 36,
              "MaxSupplyLimitMessage": "36 item limit",
              "IsRanged": true,
              "IsInStock": true,
              "PackageSize": "600G",
              "IsPmDelivery": false,
              "IsForCollection": true,
              "IsForDelivery": true,
              "IsForExpress": true,
              "ProductRestrictionMessage": null,
              "ProductWarningMessage": null,
              "CentreTag": {
                  "TagContent": null,
                  "TagLink": null,
                  "FallbackText": null,
                  "TagType": "None",
                  "MultibuyData": null,
                  "MemberPriceData": null,
                  "TagContentText": null,
                  "DualImageTagContent": null,
                  "PromotionType": "NOT_SET",
                  "IsRegisteredRewardCardPromotion": false
              },
              "IsCentreTag": false,
              "ImageTag": {
                  "TagContent": null,
                  "TagLink": null,
                  "FallbackText": "",
                  "TagType": "None",
                  "MultibuyData": null,
                  "MemberPriceData": null,
                  "TagContentText": null,
                  "DualImageTagContent": null,
                  "PromotionType": "NOT_SET",
                  "IsRegisteredRewardCardPromotion": false
              },
              "HeaderTag": null,
              "HasHeaderTag": false,
              "UnitWeightInGrams": 0,
              "SupplyLimitMessage": "'Mighty Soft Fruit Loaf Cafe Style' has a supply limit of 36. The quantity in your cart has been reduced accordingly. To purchase a larger quantity, please contact us on 1800 000 610. Please note we do not supply trade orders.",
              "SmallFormatDescription": "Mighty Soft Fruit Loaf Cafe Style",
              "FullDescription": "Mighty Soft Fruit Loaf Cafe Style",
              "IsAvailable": true,
              "InstoreIsAvailable": false,
              "IsPurchasable": true,
              "InstoreIsPurchasable": false,
              "AgeRestricted": false,
              "DisplayQuantity": 1,
              "RichDescription": null,
              "HideWasSavedPrice": false,
              "SapCategories": null,
              "Brand": "Mighty Soft",
              "IsRestrictedByDeliveryMethod": false,
              "FooterTag": {
                  "TagContent": null,
                  "TagLink": null,
                  "FallbackText": null,
                  "TagType": "None",
                  "MultibuyData": null,
                  "MemberPriceData": null,
                  "TagContentText": null,
                  "DualImageTagContent": null,
                  "PromotionType": "NOT_SET",
                  "IsRegisteredRewardCardPromotion": false
              },
              "IsFooterEnabled": false,
              "Diagnostics": "111",
              "IsBundle": false,
              "IsInFamily": false,
              "ChildProducts": null,
              "UrlOverride": null,
              "AdditionalAttributes": {
                  "boxedcontents": null,
                  "addedvitaminsandminerals": "False",
                  "sapdepartmentname": "PROPRIETARY BAKERY",
                  "spf": null,
                  "haircolour": null,
                  "lifestyleanddietarystatement": "Halal",
                  "sapcategoryname": "PROPRIETARY BAKERY",
                  "skintype": null,
                  "importantinformation": null,
                  "allergystatement": "Dairy Free",
                  "productdepthmm": null,
                  "skincondition": null,
                  "ophthalmologistapproved": null,
                  "healthstarrating": "3.5",
                  "hairtype": null,
                  "fragrance-free": null,
                  "sapsegmentname": "FRUIT LOAF/SCONE",
                  "suitablefor": "Vegan, Ovo-Lacto-Vegetarian",
                  "PiesProductDepartmentsjson": "[{\"Id\":\"1_DEB537E\",\"Description\":\"Bakery\"}]",
                  "piessubcategorynamesjson": "[\"Muffins, Scones & Cupcakes\"]",
                  "sapsegmentno": "7",
                  "productwidthmm": null,
                  "contains": null,
                  "sapsubcategoryname": "RESALE BAKERY SNACKS",
                  "dermatologisttested": null,
                  "wool_productpackaging": null,
                  "dermatologicallyapproved": null,
                  "specialsgroupid": null,
                  "productimages": "957684.jpg,957684_2.jpg,957684_3.jpg,957684_4.jpg,957684_7.jpg,957684_8.jpg",
                  "productheightmm": null,
                  "r&r_hidereviews": null,
                  "microwavesafe": "False",
                  "paba-free": null,
                  "lifestyleclaim": "HALAL;VEGAN;VEGETARIAN",
                  "alcoholfree": null,
                  "tgawarning": null,
                  "activeconstituents": null,
                  "microwaveable": "False",
                  "soap-free": null,
                  "countryoforigin": null,
                  "isexcludedfromsubstitution": "False",
                  "productimagecount": "6",
                  "r&r_loggedinreviews": null,
                  "anti-dandruff": null,
                  "servingsize-total-nip": null,
                  "tgahealthwarninglink": null,
                  "allergenmaybepresent": "Sesame, Lupin",
                  "PiesProductDepartmentNodeId": "1_DEB537E",
                  "parabenfree": "False",
                  "vendorarticleid": null,
                  "containsgluten": "False",
                  "containsnuts": "False",
                  "ingredients": "Wheat flour, water, fruit (25%) (raisins and/or sultanas), yeast, sugar, wheat gluten, vegetable oil, iodised salt, cinnamon (0.5%), mixed spice, vinegar, vegetable emulsifiers (322 from soy, 471, 481, 472e), soy flour, vitamins (thiamin, folic acid).",
                  "colour": null,
                  "manufacturer": null,
                  "sapcategoryno": "60",
                  "storageinstructions": "Store in a cool, dry place, out of direct sunlight.",
                  "tgawarnings": null,
                  "piesdepartmentnamesjson": "[\"Bakery\"]",
                  "brand": "mighty soft",
                  "oilfree": null,
                  "fragrance": null,
                  "antibacterial": "False",
                  "non-comedogenic": null,
                  "antiseptic": "False",
                  "bpafree": "False",
                  "vendorcostprice": null,
                  "description": "Made softer, naturally. Enjoy a cafe style meal from the comfort of your home with Mighty Soft Extra Thick Cut Raisin Toast. Full of juicy raisins, enjoy this loaf straight from the pack or toasted. Mighty Soft Raisin Toast is bursting with sweet, fruity flavours and aromatic spices. Each slice is crafted with love for a delicious loaf containing no artificial preservatives. it's the perfect treat morning, noon and night. Toast and drizzle with your favourite syrup for a homestyle sweet treat. Made with 25% real fruit | perfect for breakfast, lunch or an after school snack | OUR EXTRA THICK CAFE STYLE RAISIN TOAST IS BURSTING WITH SWEET AND JUICY FRUIT, & AROMATIC SPICES Enjoy a cafe style meal from home with Mighty Soft Cafe Style Extra Thick Cut Raisin Toast Loaf. A tasty combo of soft bread and fruit bits.",
                  "sweatresistant": null,
                  "sapsubcategoryno": "949",
                  "antioxidant": "False",
                  "claims": null,
                  "phbalanced": null,
                  "wool_dietaryclaim": null,
                  "ophthalmologisttested": null,
                  "sulfatefree": "False",
                  "servingsperpack-total-nip": null,
                  "piescategorynamesjson": "[\"Packaged Bread & Bakery\"]",
                  "nutritionalinformation": "{\"Name\":\"Nutritional Information\",\"Attributes\":[{\"Id\":702,\"Name\":\"Calcium Quantity Per 100g - Total - NIP\",\"Value\":\"45mg\",\"Description\":\"Calcium Quantity Per 100g - Total - NIP\",\"SortOrder\":71},{\"Id\":705,\"Name\":\"Carbohydrate Quantity Per 100g - Total - NIP\",\"Value\":\"54.20g\",\"Description\":\"Carbohydrate Quantity Per 100g - Total - NIP\",\"SortOrder\":83},{\"Id\":706,\"Name\":\"Carbohydrate Quantity Per Serve - Total - NIP\",\"Value\":\"27.10g\",\"Description\":\"Carbohydrate Quantity Per Serve - Total - NIP\",\"SortOrder\":87},{\"Id\":191,\"Name\":\"Dietary Fibre Quantity Per 100g - Total - NIP\",\"Value\":\"3.80g\",\"Description\":\"Dietary Fibre Quantity Per 100g - Total - NIP\",\"SortOrder\":175},{\"Id\":120,\"Name\":\"Dietary Fibre Quantity Per Serve - Total - NIP\",\"Value\":\"1.90g\",\"Description\":\"Dietary Fibre Quantity Per Serve - Total - NIP\",\"SortOrder\":179},{\"Id\":759,\"Name\":\"Energy kJ Quantity Per 100g - Total - NIP\",\"Value\":\"1240.00kJ\",\"Description\":\"Energy kJ Quantity Per 100g - Total - NIP\",\"SortOrder\":239},{\"Id\":760,\"Name\":\"Energy kJ Quantity Per Serve - Total - NIP\",\"Value\":\"620.00kJ\",\"Description\":\"Energy kJ Quantity Per Serve - Total - NIP\",\"SortOrder\":243},{\"Id\":253,\"Name\":\"Fat Saturated Quantity Per 100g - Total - NIP\",\"Value\":\"1.00g\",\"Description\":\"Fat Saturated Quantity Per 100g - Total - NIP\",\"SortOrder\":251},{\"Id\":258,\"Name\":\"Fat Saturated Quantity Per Serve - Total - NIP\",\"Value\":\"<0.50g\",\"Description\":\"Fat Saturated Quantity Per Serve - Total - NIP\",\"SortOrder\":255},{\"Id\":764,\"Name\":\"Fat Total Quantity Per 100g - Total - NIP\",\"Value\":\"3.00g\",\"Description\":\"Fat Total Quantity Per 100g - Total - NIP\",\"SortOrder\":263},{\"Id\":166,\"Name\":\"Fat Total Quantity Per 100g - ValueWord - NIP\",\"Value\":\"3.00\",\"Description\":\"Fat Total Quantity Per 100g - ValueWord - NIP\",\"SortOrder\":264},{\"Id\":264,\"Name\":\"Fat Total Quantity Per Serve - Total - NIP\",\"Value\":\"1.50g\",\"Description\":\"Fat Total Quantity Per Serve - Total - NIP\",\"SortOrder\":267},{\"Id\":402,\"Name\":\"Monounsaturated Quantity Per 100g - Total - NIP\",\"Value\":\"1.13g\",\"Description\":\"Monounsaturated Quantity Per 100g - Total - NIP\",\"SortOrder\":479},{\"Id\":434,\"Name\":\"Polyunsaturated Quantity Per 100g - Total - NIP\",\"Value\":\"0.97g\",\"Description\":\"Polyunsaturated Quantity Per 100g - Total - NIP\",\"SortOrder\":563},{\"Id\":443,\"Name\":\"Potassium Quantity Per 100g - Total - NIP\",\"Value\":\"250mg\",\"Description\":\"Potassium Quantity Per 100g - Total - NIP\",\"SortOrder\":575},{\"Id\":878,\"Name\":\"Protein Quantity Per 100g - Total - NIP\",\"Value\":\"8.30g\",\"Description\":\"Protein Quantity Per 100g - Total - NIP\",\"SortOrder\":587},{\"Id\":882,\"Name\":\"Protein Quantity Per Serve - Total - NIP\",\"Value\":\"4.20g\",\"Description\":\"Protein Quantity Per Serve - Total - NIP\",\"SortOrder\":591},{\"Id\":477,\"Name\":\"Serving Size - Total - NIP\",\"Value\":\"50.00g\",\"Description\":\"Serving Size - Total - NIP\",\"SortOrder\":607},{\"Id\":544,\"Name\":\"Servings Per Pack - Total - NIP\",\"Value\":\"12.00\",\"Description\":\"Servings Per Pack - Total - NIP\",\"SortOrder\":611},{\"Id\":491,\"Name\":\"Sodium Quantity Per 100g - Total - NIP\",\"Value\":\"265.00mg\",\"Description\":\"Sodium Quantity Per 100g - Total - NIP\",\"SortOrder\":623},{\"Id\":495,\"Name\":\"Sodium Quantity Per Serve - Total - NIP\",\"Value\":\"132.00mg\",\"Description\":\"Sodium Quantity Per Serve - Total - NIP\",\"SortOrder\":627},{\"Id\":908,\"Name\":\"Sugars Quantity Per 100g - SuffixUnits - NIP\",\"Value\":\"g\",\"Description\":\"Sugars Quantity Per 100g - SuffixUnits - NIP\",\"SortOrder\":646},{\"Id\":909,\"Name\":\"Sugars Quantity Per 100g - Total - NIP\",\"Value\":\"19.20g\",\"Description\":\"Sugars Quantity Per 100g - Total - NIP\",\"SortOrder\":647},{\"Id\":910,\"Name\":\"Sugars Quantity Per 100g - ValueWord - NIP\",\"Value\":\"19.20\",\"Description\":\"Sugars Quantity Per 100g - ValueWord - NIP\",\"SortOrder\":648},{\"Id\":911,\"Name\":\"Sugars Quantity Per Serve - SuffixUnits - NIP\",\"Value\":\"g\",\"Description\":\"Sugars Quantity Per Serve - SuffixUnits - NIP\",\"SortOrder\":650},{\"Id\":912,\"Name\":\"Sugars Quantity Per Serve - Total - NIP\",\"Value\":\"9.60g\",\"Description\":\"Sugars Quantity Per Serve - Total - NIP\",\"SortOrder\":651},{\"Id\":572,\"Name\":\"Sugars Quantity Per Serve - ValueWord - NIP\",\"Value\":\"9.60\",\"Description\":\"Sugars Quantity Per Serve - ValueWord - NIP\",\"SortOrder\":652},{\"Id\":593,\"Name\":\"Trans Quantity Per 100g - Total - NIP\",\"Value\":\"38.18mg\",\"Description\":\"Trans Quantity Per 100g - Total - NIP\",\"SortOrder\":667}]}",
                  "ovencook": "False",
                  "vegetarian": "False",
                  "hypo-allergenic": null,
                  "timer": null,
                  "dermatologistrecommended": null,
                  "sapdepartmentno": "47",
                  "allergencontains": "Gluten Containing Cereals, Soy, Gluten",
                  "waterresistant": null,
                  "friendlydisclaimer": null,
                  "recyclableinformation": null,
                  "usageinstructions": null,
                  "freezable": "False"
              },
              "DetailsImagePaths": [
                  "https://cdn0.woolworths.media/content/wowproductimages/large/957684.jpg"
              ],
              "Variety": "Cafe Style",
              "Rating": {
                  "ReviewCount": 0,
                  "RatingCount": 0,
                  "RatingSum": 0,
                  "OneStarCount": 0,
                  "TwoStarCount": 0,
                  "ThreeStarCount": 0,
                  "FourStarCount": 0,
                  "FiveStarCount": 0,
                  "Average": 0,
                  "OneStarPercentage": 0,
                  "TwoStarPercentage": 0,
                  "ThreeStarPercentage": 0,
                  "FourStarPercentage": 0,
                  "FiveStarPercentage": 0
              },
              "HasProductSubs": false,
              "IsSponsoredAd": false,
              "AdID": null,
              "AdIndex": null,
              "IsMarketProduct": false,
              "IsGiftable": false,
              "Vendor": null,
              "Untraceable": false,
              "ThirdPartyProductInfo": null,
              "MarketFeatures": null,
              "MarketSpecifications": null,
              "SupplyLimitSource": "ProductLimit",
              "Tags": null,
              "IsPersonalisedByPurchaseHistory": false,
              "IsFromFacetedSearch": false,
              "NextAvailabilityDate": "2024-02-22T00:00:00.0000000Z",
              "NumberOfSubstitutes": 0,
              "IsPrimaryVariant": false,
              "VariantGroupId": 0,
              "HasVariants": false,
              "VariantTitle": null,
              "IsTobacco": false
          }
      ],
      "Name": "Mighty Soft Fruit Loaf Cafe Style",
      "DisplayName": "Mighty Soft Fruit Loaf Cafe Style 600g"
  }
]